3910 5234
228 272 300 361 73ss
365 301 387 310 -·
531 279 535 286 ·
779 239 942 351 Polylist.
965 240 1122 347 literar.
1172 237 1250 325 Lu.
1274 231 1352 315 IV.·

232 427 313 504 det:
340 445 459 522 neque
476 417 701 518 solumque
722 437 768 494 ex
789 417 923 493 Tacito
947 413 1095 511 aliisque
1108 408 1317 488 artioribus
1346 405 1471 508 colligi
1485 405 1563 482 loca
1583 401 1730 507 pollina,
1752 400 1860 480 sedulo

232 521 504 621 concellutum,
519 541 649 595 verum
670 517 719 613 δι,
740 541 823 615 quae
839 541 859 591 a
874 513 1065 608 Cluverio,
1088 511 1220 586 urtica
1241 505 1359 583 Wolf
1381 564 1390 580 .
1411 505 1522 606 Lazio
1549 504 1595 580 de
1621 505 1733 605 Migr.
1765 501 1861 577 Gent.

231 593 335 702 llil.
348 649 370 700 a
384 621 500 698 Conr.
517 615 682 693 Gesneto
698 618 734 690 in
749 615 977 710 Mithridate,
998 612 1145 707 allisque
1170 610 1364 686 recentiori
1392 630 1434 682 us
1457 603 1676 698 audioribus,
1696 625 1741 678 eo
1763 599 1805 676 de
1820 627 1863 676 ar·

288 745 415 800 mento
435 719 564 820 scripta
576 713 655 812 lint,
669 738 830 792 accurate
845 715 1142 790 examinaturum.
1193 709 1261 784 Uti
1272 731 1364 782 veto
1380 704 1466 806 spes·
1476 706 1598 780 omnis
1614 699 1659 778 de
1669 697 1762 798 justo
1773 699 1863 775 Lam·

264 825 330 898 ecii
351 819 480 919 Opere
494 841 578 891 cum
598 835 655 888 tot
677 813 752 890 aliis
773 814 918 913 penitus
939 808 1082 886 dudum
1101 808 1313 882 decollavit:
1348 807 1397 881 ita
1415 805 1580 880 contenti
1601 800 1710 878 simus
1731 821 1863 900 oportet

238 918 416 1015 Austore,
427 939 538 1015 quem
548 913 666 1015 ipsein
679 912 895 988 antecessum
908 907 1041 1006 laudat,
1051 929 1091 984 ut
1111 906 1256 981 adhanc
1267 906 1453 981 materiam
1468 900 1581 980 solide
1593 895 1863 1002 pertraiiandant

236 1019 438 1120 plurimum
459 1013 720 1116 profuturum:
755 1013 928 1087 nimirum
949 1008 1098 1082 Annuit
1124 1006 1345 1094 Bonourct
1363 1003 1497 1076 Ariia'ds
1524 1003 1655 1074 Herulis
1670 997 1818 1098 [masaia
1833 999 1865 1069 dr

148 1193 151 1208 ,
235 1118 543 1190 Μτὶιιο-Οινιιὲοἱαιια
556 1115 735 1197 literatura,
750 1111 795 1183 ad
810 1093 925 1182 Latina
944 1110 1053 1208 lingue
1073 1109 1244 1206 analogiam
1263 1103 1515 1185 accommodam
1545 1097 1664 1172 Witreb.
1693 1105 1864 1186 15841'218·
1931 1183 1932 1200 ¹

238 1215 361 1291 editis:
395 1215 469 1288 hoc
488 1214 586 1288 enim
606 1211 741 1312 libello,
765 1231 934 1307 tanquam
965 1207 1100 1280 lintruae
1123 1204 1326 1278 Slavonicae
1351 1201 1619 1296 Grammatico,
1633 1221 1712 1277 non
1742 1217 1864 1272 tantum
1931 1239 1932 1266 ι

237 1314 502 1410 Moscoviticae,
521 1312 722 1408 Rutenicae,
744 1310 942 1405 Polonicae,
966 1273 1176 1380 Bo‘lremicae
1190 1303 1228 1378 δι
1241 1301 1411 1377 Lusaticae
1431 1298 1567 1403 linguae
1581 1321 1667 1374 cum
1686 1295 1863 1372 Dalmatica
1931 1311 1932 1396 j

236 1413 274 1490 δι
293 1411 461 1488 Croa'tica
476 1437 521 1486 co
551 1412 737 1486 nationem
750 1407 900 1503 indicati
916 1425 1115 1480 memorat:
1140 1400 1201 1476 sed
1215 1401 1274 1477 &i
1301 1399 1374 1476 sam
1387 1379 1708 1498 orthooraphlam,
1722 1417 1793 1470 tam
1804 1393 1865 1492 Cy·

234 1513 387 1590 rillicam
410 1509 469 1586 seu
540 1506 772 1586 oscoviticam
797 1509 893 1604 (qua,
919 1526 1052 1606 praeter
1076 1502 1260 1596 Janizatos
1274 1427 1490 1596 laurenses,
1503 1466 1649 1572 liuteni
1673 1517 1778 1592 atque
1796 1493 1864 1567 Mo·

237 1607 385 1686 scovitar
395 1609 585 1784 prtuptur),
618 1633 730 1710 quam
758 1606 1032 1710 Glagoviticam
1052 1599 1113 1678 seu
1138 1599 1344 1678 Croaticam
1366 1597 1567 1700 synopticis
1588 1597 1730 1695 aliquot
1751 1591 1865 1670 rabelis

238 1733 397 1811 compre
423 1731 469 1785 en
495 1734 517 1785 ι.
791 1729 793 1737 ’
1122 1727 1124 1736 ’
1504 1727 1507 1733 ·

200 1931 228 2005 4
339 1907 553 1994 Enimvero,
570 1929 616 1982 ne
630 1910 738 1984 nimis
754 1855 899 2005 evron,
915 1855 1013 1981 nunc
1027 1907 1064 1980 in
1077 1903 1235 1979 orbitam
1254 1897 1481 1976 redeundum
1496 1897 1558 1997 est,
1574 1899 1624 1996 dt,
1640 1897 1810 1998 quicquid
1829 1895 1867 1970 dc

237 2006 449 2102 antiquitate
468 2007 517 2079 lin
571 2029 602 2080 ae
615 2006 796 2106 Scythicae
811 1975 1007 2081 ficltlcaeve
1020 2003 1154 2078 diiium
1169 1999 1342 2076 hedenus
1368 1997 1448 2096 fuit,
1471 2025 1556 2074 cum
1578 1999 1614 2072 Α
1632 1997 1664 2073 Β
1684 1999 1717 2074 R
1731 1995 1812 2073 AH
1826 1995 1868 2068 A·

239 2105 288 2180 M
306 2105 345 2181 Ο
379 2101 518 2178 MYL
563 2103 615 2202 Ο,
641 2108 724 2180 vito
742 2103 960 2202 dodiiffimo,
977 2107 1024 2178 ita
1044 2099 1333 2203 intelligendum,
1348 2118 1389 2174 ut
1408 2097 1578 2174 Hebraeae
1599 2098 1714 2174 cedat.
1766 2095 1868 2170 Habe·
1931 2155 1932 2184 ,

238 2227 321 2278 mus
339 2205 411 2280 viri
432 2201 539 2302 hujus
562 2204 601 2275 dc
630 2208 752 2302 Lingua
776 2208 904 2304 Belgica
925 2227 995 2273 cum
1019 2207 1088 2273 alr'r'r
1106 2206 1218 2300 linguis
1234 2207 1468 2300 ¹commrna'rare
1491 2199 1626 2274 librum
1648 2221 1779 2303 magna
1800 2216 1869 2271 curu
1931 2229 1932 2318 p

238 2300 476 2401 elaboratum,
494 2300 706 2400 editumque
723 2305 823 2402 Lugd.
841 2310 913 2374 Bar.
928 2311 1013 2375 1612.
1027 2306 1065 2376 in
1089 2325 1124 2392 4.
1147 2301 1185 2372 in
1238 2297 1355 2372 uode
1380 2299 1591 2396 antiquitate
1615 2298 1752 2402 linguae
1774 2293 1868 2392 illius,

238 2401 317 2500 ejus
331 2404 587 2479 convenientia
607 2427 691 2476 cum
711 2401 846 2507 latina,
864 2402 1007 2501 Graeca,
1028 2398 1183 2492 Perlica3
1211 2323 1329 2494 deque
1350 2397 1443 2474 illius
1465 2399 1733 2475 convenientiae
1754 2391 1868 2474 cauis:

235 2520 317 2578 tum
333 2501 380 2579 de
395 2502 530 2603 linguae
543 2501 701 2616 lielgicae
714 2503 872 2616 origine,
886 2502 924 2576 δι
936 2497 1093 2576 latilsrma
1106 2523 1175 2600 per
1197 2499 1361 2573 nationes
1381 2497 1665 2671 quamplurimas
1686 2491 1869 2588 diffusione,

186 2617 196 2632 ‘
234 2597 379 2679 erudite
392 2599 430 2676 &
445 2625 529 2676 cum
545 2607 684 2698 Judrcro
699 2623 791 2704 agit:
816 2602 1127 2703 argumentisque,
1145 2619 1186 2674 ut
1206 2595 1298 2670 milri
1321 2600 1384 2694 qui
1411 2621 1470 2690 ern
1485 2595 1645 2696 videtur,
1669 2595 1799 2694 solidis,
1817 2593 1869 2668 lin·

234 2720 322 2802 guae
337 2700 730 2872 illiusspraetogativam
744 2724 822 2800 ptae
838 2701 963 2777 Latina
984 2700 1021 2774 δι
1041 2699 1175 2774 Graeca
1197 2693 1483 2772 sufficientiffime
1506 2690 1742 2773 demonstrat.
1786 2691 1869 2770 Editi

233 2819 415 2898 praterea
442 2822 508 2874 unt
524 2799 662 2895 aliquot
680 2796 777 2874 istius
790 2795 966 2874 Audiotis
984 2799 1067 2874 libri
1082 2795 1269 2899 posthumi
1283 2797 1322 2870 dc
1336 2802 1387 2868 Mi
1406 2805 1528 2868 rariore
1536 2800 1735 2898 populorum
1758 2796 1794 2872 de
1812 2799 1868 2864 Ori

85 2951 94 2964 .
231 2903 308 3088 pne
326 2899 533 2980 Animlr'umr
552 2896 612 2972 sed
629 2896 835 2998 imperfeiii
850 2899 888 2972 in
912 2921 964 2972 12.
1013 2898 1106 2972 Non
1121 2898 1168 2972 ita
1187 2893 1305 2970 sobrie
1319 2824 1506 2970 eruditeve
1526 2919 1605 2970 tem
1622 2895 1869 3070 pertrailaruut

272 2994 371 3071 ΟΗ.
396 2994 711 3072 GOROPIUS
736 2995 1044 3091 BECANU83
1071 2993 1440 3070 &ADRIANUS
1465 2993 1621 3070 SCHR
1656 2987 1867 3086 ECKIUS,

156 3156 161 3164 .
238 3092 463 3170 Rodomius.
535 3091 595 3168 De
611 3093 674 3168 illo
689 3091 846 3197 Scaliger
866 3092 1018 3194 dicebat,
1040 3096 1163 3181 mirati
1187 3092 1234 3191 se,
1257 3091 1324 3169 elle
1343 3093 1525 3194 homines,
1548 3097 1612 3193 qui
1640 3092 1809 3194 quicquid
1825 3087 1867 3164 so
1932 3127 1933 3142 ι

240 3191 433 3289 mniarent,
447 3213 521 3292 pro
536 3192 688 3268 oraculis
704 3193 829 3268 haberi
844 3194 990 3272 vellent.
1041 3191 1089 3268 Et
1102 3192 1182 3268 stane
1197 3192 1293 3268 haud
1312 3194 1507 3269 immerito.
1580 3195 1681 3270 Nam
1712 3221 1756 3274 ue
1772 3197 1799 3270 is
1816 3211 1867 3264 no·

239 3311 327 3364 vam
344 3290 450 3392 plane
461 3313 568 3389 atque
584 3292 779 3368 inauditam
793 3291 980 3394 hastenus,
995 3291 1099 3368 fimul
1113 3314 1233 3368 tamen
1249 3291 1287 3367 dt
1303 3290 1490 3368 ridiculam
1506 3297 1663 3370 omnino
1679 3223 1867 3371 tqenrerm
1932 3297 1933 3304 ’

238 3411 503 3586 aupacemque,
544 3392 671 3466 rotulit
688 3392 734 3468 de
741 3395 905 3568 primatu
919 3394 1055 3496 linguae
1073 3391 1269 3468 Cimbrica
1285 3407 1294 3473 l
1301 3397 1347 3468 ita
1370 3396 1468 3468 enim
1491 3393 1554 3468 Bel
1587 3398 1677 3470 icam
1702 3395 1793 3470 suam
1816 3411 1867 3464 vo·

242 3509 298 3562 cat
315 3547 326 3587 ‚
344 3491 506 3587 aqua&
561 3490 726 3579 ebream,
790 3493 931 3595 linguas
959 3517 1088 3568 omnes
1109 3515 1255 3590 ceteras,
1280 3491 1465 3568 defluxisse
1485 3418 1671 3570 exilfimat.
1743 3493 1866 3583 Fateor,

157 3612 161 3620 ·
243 3586 371 3684 uliquis
386 3588 471 3666 huic
490 3589 655 3666 virofuit
678 3593 716 3664 in
741 3593 804 3667 illo
829 3615 1049 3694 argumento
1068 3591 1205 3668 sensus:
1232 3617 1315 3668 nam
1341 3594 1534 3690 antiquitas
1555 3589 1654 3670 istius
1674 3595 1813 3698 lingue,
1834 3607 1864 3662 ut
1932 3669 1933 3674 ,

239 3689 364 3798 omnis
381 3687 610 3764 Germanicae
638 3690 768 3766 Graeca
784 3693 822 3768 dt
835 3693 959 3766 Latina
975 3690 1011 3767 su
1042 3695 1141 3769 erior
1152 3689 1222 3767 est:
1245 3691 1304 3767 sed
1325 3694 1362 3768 in
1377 3692 1577 3770 rationibus
1592 3693 1631 3768 dt
1641 3695 1681 3769 in
1696 3691 1800 3770 caufis
1812 3691 1862 3766 ltu-

226 3807 297 3883 :Jus
318 3783 369 3861 sui
382 3791 590 3890 argumenti
605 3749 826 3907 deducendis
841 3719 1049 3906 enthustalfa
1064 3794 1169 3892 plane
1188 3791 1226 3868 δι
1240 3791 1413 3868 fanaticus
1435 3792 1494 3867 est.
1568 3794 1754 3870 ofinbsses
1778 3819 1812 3868 ac
1830 3789 1865 3862 ri·

241 3882 374 3961 denda
389 3910 588 4002 occurrunt
603 3888 702 3990 apud
718 3890 837 3990 ipsum
854 3893 1013 3992 ineptiae,
1035 3891 1128 3992 saepe
1143 3893 1233 3968 ulma
1255 3889 1466 3970 cabalisticas
1483 3892 1735 3970 Rabbinorum
1754 3887 1863 3968 subtili·

97 3990 100 4000 ‘
239 4003 330 4060 tates
347 3998 507 4104 argutae
529 4011 631 4086 cujus
646 3989 857 4104 exemplum
876 3989 938 4087 est,
953 4017 1037 4066 cum
1052 3991 1098 4066 de
1117 3989 1270 4067 vocibus
1287 3993 1407 4076 illium
1424 3993 1460 4070 ὃ(
1475 3993 1574 4095 illum
1596 3993 1861 4094 philosophatur,

240 4081 340 4180 quafi
356 4082 484 4198 scilicet
498 4113 535 4162 tn
553 4087 632 4203 ipso
648 4087 808 4165 homtnrs
826 4093 977 4164 nomine
994 4089 1183 4166 Cimbrico
1201 4096 1328 4166 aeterni
1342 4117 1491 4192 quoque
1504 4099 1552 4172 eti
1569 4095 1662 4190 nipe
1684 4113 1811 4170 nomen
1828 4084 1861 4162 fit

220 4227 222 4236 ·
238 4181 488 4298 reconditum:
505 4184 575 4302 ‘sed
589 4185 729 4264 rnfinita
747 4189 845 4290 apud
861 4191 962 4263 illum
976 4189 1057 4266 sunt
1070 4192 1160 4288 talia,
1175 4217 1259 4289 quae
1271 4191 1673 4292 admiratoresatiquos,
1688 4195 1800 4294 plures
1813 4185 1860 4262 de·

240 4279 592 4400 risorespnventunt.
621 4289 715 4363 Non
731 4291 855 4462 npgari
864 4291 983 4364 tamen
992 4289 1122 4391 potest,
1131 4293 1295 4392 primum
1311 4293 1412 4368 illum
1427 4294 1560 4370 venilia
1573 4297 1610 4368 in
1625 4289 1859 4396 hascogitatio·

241 4401 307 4492 nes
326 4406 404 4458 non
417 4382 700 4498 omnrlutparre
714 4387 759 4462 ab
775 4387 905 4462 undas:
927 4389 1256 4491 achabenturapud
1266 4393 1367 4468 illum
1375 4416 1586 4498 argumenta
1596 4417 1666 4494 pro
1675 4390 1858 4488 antiquitate

238 4478 374 4585 langue
383 4479 986 4568 Genuumcaeuoncontemuenda.
1035 4489 1108 4568 Sed
1121 4492 1273 4592 ineptias
1289 4493 1449 4572 virinon
1462 4493 1605 4596 ptob03
1629 4481 1856 4594 qualisillaesti

279 4643 301 4682 .,
1234 4655 1240 4662 .
1787 4607 1856 4666 cum
