4006 5236
534 251 622 364 Cap.
650 253 786 340 xxllt.
811 257 868 342 De
886 251 1108 366 sprssilrrutn
1133 257 1378 367 Satiptm'but.
1689 277 1764 368 285

103 444 191 542 crte⁸
265 421 425 542 odeum
436 445 539 506 antea
548 425 740 510 Ciceronis
756 427 929 511 verbis&
944 429 1133 548 phrnfibus
1147 404 1322 534 uterentr,
1343 425 1653 536 compositionem
1669 455 1764 512 vero

102 551 158 627 pe
247 549 356 602 orum
367 526 471 602 eham
484 527 642 630 haberet,
653 529 791 633 postea,
807 557 894 612 cum
907 553 1014 610 erum
1030 531 1124 610 hanc
1139 533 1184 611 ad
1205 533 1396 612 Ciceronis
1415 557 1586 614 normam
1606 527 1763 612 bustitue·

102 647 180 726 ret,
191 624 345 728 seipsum
357 624 455 725 quast
468 625 506 702 su
535 632 651 706 esurit.
702 630 781 733 Qi
794 634 924 734 §trecis
943 631 1112 710 formulis
1132 636 1170 710 in
1184 632 1379 712 scribendis
1391 632 1569 735 'Epistoiis
1585 631 1763 710 delessen-

101 747 182 824 tur,
197 725 328 802 inultas
342 747 483 808 rumex
496 651 696 806 Oasnuboni
719 752 799 806 tum
816 755 863 806 ex
876 729 1032 808 Reinesii
1041 730 1214 834 Epistolis
1226 733 1400 836 colligere
1413 731 1571 835 possunt.
1622 731 1761 810 Recen-

101 822 230 900 sentur
246 824 306 902 hic
346 847 470 926 noque
483 827 577 928 saepe
590 789 715 905 errand
728 831 962 928 quorundam
978 830 1207 910 emditorum
1239 855 1403 932 quorum
1422 834 1572 910 nomina
1587 855 1666 909 non
1680 829 1762 910 sunt

99 922 212 1022 edita,
227 949 310 1023 quae
320 851 466 1003 detexit
480 925 595 1025 aliqua
610 951 656 1004 ex
669 951 772 1030 parte
785 928 1017 1010 Colomefius
1038 933 1078 1007 in
1097 935 1188 1005 Clare
1206 891 1575 1036 dipisolarurnScdtgeri
1588 929 1632 1008 δ’
1707 959 1763 1006 au·

99 1019 184 1109 boni,
198 1049 281 1122 quae
298 1023 479 1102 additn'est
488 1025 669 1128 opusculis
686 1028 762 1126 ejus
776 1029 949 1109 litorariis.
999 1032 1094 1111 Non
1108 1053 1229 1108 tamen
1243 1030 1302 1106 iile
1318 1032 1608 1108 omnianotrvit.
1731 1052 1746 1107 t

100 1121 302 1201 tershufius
318 1125 356 1200 in
369 1123 531 1225 Epistola
542 1125 587 1201 ad
605 1126 820 1204 Richterum
836 1127 957 1206 scribit
980 1129 1016 1206 se
1036 1131 1161 1233 plures
1188 1129 1321 1208 habere
1337 1127 1543 1208 casauboni
1563 1127 1742 1230 Epistoles

99 1245 140 1321 p.
155 1241 243 1298 201.
268 1223 527 1326 ipsumam
541 1227 694 1324 anunm
708 1235 776 1332 apr
789 1190 1361 1331 eougmrbqnfosntmsm
1382 1187 1761 1330 nommsscrua}

97 1326 148 1398 εἰς
162 1320 197 1401 dr
213 1329 316 1424 σόμοι
332 1317 417 1422 ἦγεν
428 1325 629 1440 σύντηγμα,
654 1327 856 1442 quurmneffr
873 1319 999 1402 taurum
1009 1329 1253 1428 nurnertnrtstti,
1269 1349 1307 1402 ut
1315 1289 1434 1427 judium
1449 1347 1563 1430 corpur
1577 1349 1693 1429 queant
1701 1327 1765 1424 effi·

97 1447 183 1494 rere.
233 1423 295 1498 nb
310 1445 357 1538 eo
385 1422 927 1544 credo,1mpetrav1tplur1mas
955 1429 1195 1544 Gronovius
1226 1449 1314 1526 quas
1345 1426 1507 1544 editioni
1527 1425 1598 1502 suae
1621 1426 1760 1526 adjecit.

97 1518 215 1694 {urat
228 1481 505 1640 adchbterum
521 1547 597 1698 epus
610 1523 657 1598 de
671 1524 728 1600 ula
746 1549 786 1601 re
801 1523 973 1628 Eprstoln
993 1628 1000 1644 ·
1020 1525 1109 1627 Ejus
1125 1489 1308 1645 Epdioins
1321 1525 1516 1641 Richterus
1537 1524 1694 1641 quadam
1714 1523 1760 1600 nd
1916 1574 1920 1578 -

143 1645 350 1700 ronovtum
359 1619 520 1723 Epistola
568 1645 659 1699 onnae
676 1623 879 1705 combustas
892 1648 1041 1706 nunciat
1061 1652 1100 1731 p.
1122 1650 1207 1725 240.
1231 1627 1389 1708 latitant
1409 1626 1448 1704 dr
1474 1649 1514 1704 tn
1532 1623 1760 1702 Btbltotheoa

101 1718 274 1817 manns
286 1721 412 1813 man
420 1719 625 1809 Canauna
638 1719 822 1828 Epuotae.

201 1923 302 2022 JUL
330 1919 552 2001 CAEsnxls
576 1921 848 2002 SCALIGERI
871 1923 1066 2028 EpyioIaut
1080 1927 1224 2020 omnia,
1237 1925 1384 2004 summo
1395 1924 1548 2030 ingenio
1566 1920 1756 2023 &judicio
1774 1935 1825 2010 το

97 2025 252 2142 scriptos.
267 2023 398 2102 Totus
411 2021 587 2101 nervosus
602 2021 653 2100 est
666 2024 841 2102 &rerum
855 2027 998 2128 pierres,
1011 2025 1211 2106 vehemens
1225 2025 1294 2130 ipsi
1307 2027 1511 2129 ingenium,
1524 2021 1641 2100 ruder
1661 2045 1756 2138 acre,
1959 2021 1964 2031 ¹

94 2125 275 2228 judicium
288 2147 500 2228 penetrans;
517 2148 790 2224 nonnunquam
805 2129 912 2202 eriam
923 2125 1201 2214 cavillatorium,
1224 2149 1266 2204 ut
1286 2124 1403 2204 solent
1416 2125 1488 2203 viri
1503 2126 1610 2201 etiam
1638 2145 1756 2196 umnu

97 2228 216 2325 aliqua
231 2227 271 2302 in
284 2247 325 2302 re
338 2224 417 2300 labi
467 2223 653 2302 Adversus
669 2224 879 2310 Cardenum
895 2225 933 2302 de
946 2223 1136 2309 Erafinum
1150 2227 1375 2302 virulentum
1388 2221 1568 2300 scribendi
1577 2243 1695 2326 genus
1703 2221 1756 2296 in·
1788 2219 1792 2227 ’

98 2324 574 2424 stitui13nonnunquamin
588 2323 819 2402 iliossumme
834 2325 1004 2424 injurius:
1022 2323 1083 2401 sed
1097 2325 1177 2401 haec
1205 2351 1302 2403 nunc
1330 2345 1431 2400 extra
1457 2318 1660 2402 institurum
1689 2344 1756 2394 no·

99 2423 223 2502 strum
273 2424 363 2524 Ejus
379 2445 503 2502 extant
518 2425 649 2526 Episiola
672 2425 710 2501 ἃ
722 2430 897 2510 Orationes,
910 2425 949 2501 iti
963 2424 1095 2524 quibus
1109 2427 1226 2506 multa
1239 2423 1494 2519 continentur,
1532 2443 1615 2518 quae
1630 2421 1669 2496 in
1686 2417 1755 2494 Hi·

98 2523 207 2604 storia
225 2525 379 2600 iterans
395 2546 482 2600 tunc
497 2526 674 2625 temporis
684 2523 930 2628 agitabantur:
952 2524 1066 2599 multa
1079 2547 1125 2599 ex
1140 2523 1209 2601 iilis
1221 2523 1351 2620 discas,
1371 2547 1456 2620 quae
1478 2519 1529 2596 nd,
1547 2517 1653 2619 ipsius
1667 2543 1755 2594 con·

96 2625 281 2702 ditionem
296 2625 335 2700 dr
348 2625 435 2700 viroe
451 2644 569 2727 genus
586 2626 783 2724 pertinent,
795 2625 906 2700 multa
921 2621 968 2698 de
993 2623 1071 2722 ejus
1093 2615 1210 2724 libris,
1240 2620 1364 2699 studiis
1379 2648 1389 2693 t
1426 2621 1658 2694 amarulentae
1681 2617 1753 2692 illie
1794 2699 1796 2704 .

96 2727 224 2802 multat
241 2723 281 2802 δι
296 2721 427 2799 rixosae
443 2723 490 2798 ad
505 2723 595 2798 alios
607 2719 793 2824 Epistulae,
810 2722 941 2820 quibus
954 2719 1128 2798 beneficia
1140 2719 1199 2798 fita
1216 2721 1425 2822 exprobret.
1448 2716 1602 2816 Duplex
1613 2716 1755 2790 illarum

96 2823 363 2929 Epistularum,
377 2824 436 2899 vel
507 2825 576 2900 tius
591 2823 725 2924 triplex
740 2821 853 2897 editio
864 2821 915 2896 est
921 2849 932 2918 3
956 2844 1033 2916 unn-
1046 2819 1196 2896 Tolosae
1206 2818 1350 2924 prodiit
1367 2819 1406 2892 in
1420 2841 1456 2912 4.
1467 2839 1552 2892 cum
1567 2813 1753 2890 Orationi·

96 2925 169 3000 bus
183 2922 352 3004 adversus
365 2847 504 3002 Eradd
515 2922 816 3000 ciceronianum:
840 2923 948 2996 altera
962 2919 1074 2998 editio
1089 2921 1128 2996 in
1149 2934 1228 3010 svo
1247 2915 1388 3022 prodiit
1412 2915 1443 2990 L
1497 2913 1531 2988 d.
1546 2911 1668 2990 Batav.
1686 2911 1753 2986 alia

98 3023 219 3100 editio
229 3023 410 3100 Hanoviae
424 3047 506 3098 ann.
522 3023 680 3098 1612.in
701 3045 753 3097 12.
770 3017 833 3095 ubi
876 3021 985 3118 lures,
1026 3043 1109 3096 uam
1126 3021 1165 3094 in
1178 3021 1307 3096 ceteris
1326 3014 1479 3092 editiom
1506 3037 1548 3088 us
1575 3011 1754 3086 habentur

97 3120 270 3226 epistole.
318 3119 488 3222 Adjette
504 3119 586 3198 sunt
606 3119 805 3200 Orationes
821 3047 978 3226 eddgnnri
1006 3119 1145 3194 tmaeab
1159 3119 1221 3196 illo
1245 3113 1479 3215 conscriptes,
1495 3135 1579 3212 quae
1593 3133 1671 3186 non
1693 3107 1754 3184 ha·
1921 3139 1924 3144 ·

95 3223 234 3299 benrut
246 3226 282 3298 in
295 3223 425 3298 ceteris
439 3219 671 3318 editionibus,
687 3241 727 3298 ut
744 3219 879 3296 Oratio
893 3225 931 3296 in
946 3218 1045 3295 lustu
1062 3217 1149 3319 filii,
1169 3237 1393 3332 magnorum
1409 3210 1608 3288 effestuum
1623 3210 1756 3310 plenas

96 3323 190 3398 item
204 3322 349 3421 Oratio,
365 3345 435 3420 qua
448 3341 612 3421 parentat
626 3322 693 3396 illis
747 3322 784 3394 ui
799 3322 838 3394 in
849 3319 946 3396 bello
959 3319 1121 3396 Turciro
1140 3317 1187 3393 ad
1200 3319 1384 3392 Viennam
1399 3309 1608 3392 ceciderunt
1621 3333 1634 3405 3
1659 3306 1755 3412 frag·

97 3443 266 3500 mentum
281 3420 330 3498 de
345 3419 509 3497 laudibus
522 3417 664 3519 anseris,
679 3347 911 3509 ddtrculenm
924 3417 971 3518 de
987 3419 1104 3498 verbo
1121 3423 1223 3518 inepti
1238 3414 1371 3491 Oratio
1379 3435 1392 3508 3
1418 3434 1488 3508 qua
1498 3429 1574 3485 rota
1587 3410 1754 3485 oratione
1794 3487 1797 3498 ,

94 3520 184 3598 iliud
197 3523 285 3626 agit,
293 3543 341 3596 ut
353 3517 577 3596 demonstret
584 3521 720 3610 Latinae
733 3518 869 3622 linguae
883 3543 902 3592 a
931 3516 1124 3592 titudinem
1138 3516 1177 3606 ,in
1193 3512 1301 3590 rebus
1316 3507 1509 3588 efferendis
1521 3533 1600 3612 prae
1611 3507 1754 3586 Gtaeca:

125 3623 206 3697 lena
220 3614 439 3724 ess-optimis
454 3617 790 3696 Observationibus.
912 3640 979 3692 unt
995 3615 1033 3691 ἃ
1051 3617 1126 3714 ejus
1151 3612 1233 3688 duae
1258 3609 1420 3714 epistole⁶
1440 3603 1754 3702 florenorum

151 3719 221 3798 idat
235 3745 333 3798 mno
356 3733 457 3814 1619.
471 3719 510 3793 in
522 3739 589 3816 4to
604 3717 723 3819 editae,
738 3739 822 3820 quee
838 3741 916 3794 non
929 3737 1052 3794 extant
1073 3719 1168 3790 inter
1182 3729 1317 3788 ceteras
1332 3706 1521 3812 Epistulas.

198 3915 296 3994 Non
314 3919 440 3996 minor
460 3940 610 4020 parente
624 3916 719 3994 filius
735 3877 988 4011 JOSEP-HUS
1012 3908 1278 4010 SCALIGER,
1305 3909 1406 4008 cujus
1425 3907 1599 3982 &extant
1610 3905 1751 4006 Epfioia.
1768 3919 1814 3992 τι

95 4013 188 4116 Ejus
201 4017 284 4133 Viri
300 4021 458 4094 mexitna
469 4015 551 4092 sunt
568 4019 606 4091 in
624 4040 703 4092 rem
720 4016 910 4092 literarium
930 4014 1067 4126 merita,
1082 4015 1147 4109 qui
1159 4011 1260 4087 velut
1259 4029 1380 4184 cputer
1399 4005 1548 4106 quidam
1568 4003 1753 4116 literarum

150 4217 157 4231 ι
180 4117 388 4234 uniuersam
403 4117 593 4290 Eurppun
611 4113 816 4232 saiutaodtts
829 4113 890 4190 est.
916 4111 975 4188 Ex
989 4135 1065 4212 ejus
1080 4109 1172 4226 ludo
1185 4134 1257 4212 pro
1286 4130 1416 4224 terunt,
1431 4099 1753 4244 quosBrravraha·

96 4211 760 4394 &indixistis
773 4197 1754 4389 iiissrissiiiibridabiixxiiii:

96 4333 1314 4534 memonotoginerquaedonegrddmlitenunnpeninefft:
1334 4353 1753 4504 ²judic'iandultndeViris

95 4511 232 4619 diffie,
244 4514 517 4620 delibrtsquae
530 4513 755 4620 legemque
768 4533 964 4616 excerpere
977 4509 1119 4703 pppept
1127 4511 1257 4600 herum
1270 4525 1394 4586 rerum
1406 4497 1547 4578 curiosi.
1605 4494 1754 4672 usidddr
