3970 5236
217 223 391 376 aas
595 332 598 337 -
761 275 823 366 ζ·
845 222 1011 373 ainau.
1035 263 1151 347 nur.
1185 265 1259 350 ta.
1276 264 1326 354 u.

147 441 281 528 9s'suo
294 442 392 520 loco'
426 444 514 542 lu'ta,
530 447 616 518 cum
639 438 687 518 ad
703 437 793 542 ipsas
827 436 913 514 disci
941 440 1033 516 linas
1046 448 1269 540 perventum
1286 438 1345 518 est.
1448 435 1579 514 *Hie
1607 461 1760 538 quoque
1785 425 1881 514 illud

217 567 351 620 verum
363 468 425 644 eli,
439 540 659 621 multos-este
677 539 897 618 consiliarios
913 465 1095 642 dtparum
1109 538 1265 640 confilii,
1290 563 1401 640 atque
1421 565 1441 616 a
1456 539 1623 642 pluribus
1646 541 1777 638 coquis
1791 563 1881 616 raro

218 642 437 746 adpdatum
454 643 555 720 cibos
569 644 744 746 apparati.
795 641 839 717 ln
853 661 911 717 tot
924 643 994 717 viis
1013 637 1159 714 difficile
1171 638 1222 714 est
1234 666 1360 726 veram
1387 643 1553 716 invenire
1569 639 1750 738 semitam,
1785 637 1883 714 dum

155 759 201 825 92
220 741 284 821 suo
299 742 570 843 quisque‘sensu
585 741 756 818 abundat.
853 747 879 790 a
904 739 1153 843 Proposuerat
1174 765 1258 818 ante
1283 743 1419 818 multos
1439 765 1555 818 annos
1575 742 1633 815 vir
1661 737 1814 838 nodus,
1838 763 1885 815 ac

222 842 407 920 Professor
421 846 460 920 in
473 841 669 918 Academia
683 840 896 918 Etsfitrtenfi
912 839 1134 939 clarissimus,
1158 844 1342 916 Ecitbardas
1360 841 1885 943 auchnuusdenpadidusscao-

149 1037 152 1042 Ι
221 949 325 1019 iuriam
345 941 742 1042 rassornnsioneconfilia,
769 938 938 1046 singulari
953 967 1033 1018 eam
1055 944 1092 1016 in
1113 965 1191 1016 rem
1208 943 1308 1018 edito
1324 941 1429 1018 libro.
1479 941 1550 1018 Sed
1574 941 1666 1017 nihil
1689 963 1812 1018 tamen
1830 939 1885 1016 ef·

157 1063 202 1138 93
224 1044 361 1120 fesium
376 1042 434 1118 est.
535 1048 556 1090 *
582 1043 669 1120 Huc
682 1067 835 1144 quoque
851 1045 1048 1144 pertinent,
1074 1042 1138 1139 qui
1167 1063 1383 1144 argumenta
1416 1040 1645 1118 scientiarum
1674 1043 1772 1116 varia
1793 1065 1887 1144 pro·

69 1197 73 1205 ι
151 1225 153 1230 ,
224 1145 443 1247 posuerunt}
468 1145 653 1242 inquibus
668 1147 832 1246 primum
855 1147 978 1220 locum
994 1145 1128 1218 merito
1142 1163 1298 1244 occupat
1313 1166 1468 1246 magnus
1486 1141 1544 1218 ille
1566 1149 1650 1214 Baco
1674 1143 1897 1224 amianas,

226 1248 291 1344 qui
309 1247 403 1321 inter
419 1245 565 1348 Anglos
584 1249 726 1346 primus
749 1242 896 1348 spuunt
913 1239 1049 1318 ssssttslit
1067 1242 1113 1317 ad
1138 1241 1413 1348 amplificandos
1439 1241 1665 1319 scientiarum
1686 1243 1889 1336 terminos;

127 1353 131 1360 '
226 1346 327 1444 cujus
344 1343 466 1448 postea
492 1343 643 1450 vestigia
660 1343 769 1420 secasti
783 1343 882 1444 sum,
908 1341 1075 1436 &hodie
1097 1344 1248 1444 quoque
1276 1341 1495 1441 sequuntur,
1520 1361 1578 1418 tot
1593 1344 1642 1416 in
1661 1340 1797 1444 Anglia
1812 1343 1889 1417 viti

227 1445 340 1544 dous,
367 1448 487 1543 quiin
506 1443 678 1546 physices
701 1445 739 1521 dt
761 1445 970 1520 Matheseos
993 1440 1112 1518 studio
1139 1441 1350 1518 illustrando
1377 1445 1481 1518 omni
1504 1464 1637 1518 conatu
1663 1439 1885 1544 conspirant.

157 1556 209 1632 94
229 1549 248 1594 ἢ
265 1545 323 1620 Ex
338 1568 462 1622 mente
477 1547 677 1620 Verulamii
693 1543 860 1643 quaedam
877 1548 915 1619 in
929 1544 987 1620 sua
1003 1541 1207 1618 Universali
1222 1541 1409 1618 Methodo
1429 1539 1611 1618 instituere
1626 1543 1744 1618 voluit
1758 1543 1887 1639 Joban·

226 1673 279 1720 urs
300 1654 440 1743 Bauerns
453 1645 560 1744 libre,
580 1649 638 1720 cui
654 1647 795 1739 titulus;
822 1649 919 1718 Fiiarn
945 1644 1129 1740 Labyrintbi
1143 1647 1195 1714 uei
1213 1642 1379 1743 Cynosura,
1397 1645 1463 1740 sue
1492 1647 1564 1713 Lsax
1585 1650 1887 1714 utentium'uniuer·

217 1745 305 1849 fiiis,
330 1746 548 1846 cognoscendis,
567 1742 829 1850 expendendis&
844 1745 1104 1816 communicandis
1117 1747 1264 1842 unarerfis
1276 1743 1368 1815 rebus
1381 1741 1708 1841 uaenfiu'Caffovioe
1724 1744 1762 1818 in
1777 1741 1887 1816 Hun-

214 1848 329 1950 ,garia
356 1859 458 1942 1663.
473 1845 585 1922 edito.
622 1848 780 1921 Netum
801 1843 966 1926 obscurat
979 1846 1106 2018 potius
1121 1843 1323 1920 Verulamii
1338 1841 1456 1918 sensus
1480 1867 1703 1941 omnemque
1724 1839 1887 1944 philoso-

160 1970 206 2053 95
228 1947 366 2046 phiam,
383 1971 492 2042 quam
514 1969 553 2021 ut
566 1948 688 2020 lumen
703 1945 852 2042 aliquod
869 1969 980 2020 accen
1003 1967 1046 2019 at.
1123 1948 1146 1994 a
1171 1945 1327 2042 Veisciias
1340 1945 1450 2020 'etlam
1469 1939 1591 2018 noster
1616 1943 1729 2019 multe
1750 1941 1833 2018 talia
1846 1944 1887 2017 in

179 2043 182 2051 ’
228 2046 351 2120 ntimo
373 2043 514 2119 habuit:
539 2047 640 2143 cujus
656 2067 753 2120 extat
764 2049 924 2119 Soumiram
944 2045 1118 2116 Vindicius·
1122 2047 1187 2144 sua
1202 2045 1385 2142 Desiderato
1396 2046 1577 2129 Medicina,
1595 2040 1773 2160 Augusta
1793 2043 1888 2118 Vin·

229 2141 432 2220 delicorum
449 2143 522 2219 An.
545 2153 646 2242 1676.
663 2144 767 2243 edita,
783 2144 846 2219 ubi
862 2146 974 2222 multa
998 2166 1272 2246 proponuntur,
1303 2143 1436 2242 quibus
1462 2168 1540 2219 non
1566 2142 1790 2220 Medicinam
1810 2163 1887 2218 tan·

229 2266 321 2343 tum,
338 2243 398 2318 sed
413 2244 451 2320 dt
466 2269 617 2320 omnem
632 2269 711 2320 rem
728 2246 919 2318 literarium
932 2267 1066 2346 augere
1084 2245 1212 2319 voluit.
1263 2245 1402 2344 Magna
1415 2243 1497 2320 sane
1518 2243 1593 2342 ejus
1621 2244 1725 2320 obitu
1747 2241 1887 2344 psum

73 2397 76 2404 ,
161 2347 211 2436 96
229 2339 320 2420 fasta
334 2341 391 2418 est.
424 2343 625 2418 *Leibstizins
642 2354 674 2416 in
686 2346 747 2445 fisa
762 2345 1031 2445 Jurisprudentie
1047 2341 1198 2417 Marasdu
1221 2341 1377 2442 consilia,
1393 2344 1526 2442 quibus
1545 2347 1671 2446 augeri
1690 2343 1886 2446 distipiinae

161 2467 210 2536 97
230 2442 376 2544 poliint,
399 2443 653 2548 suppeditavit.
753 2451 768 2484 ¹⁸
795 2441 911 2521 Est&
928 2451 1121 2540 Mammas,
1147 2445 1211 2540 qui
1225 2443 1385 2518 libellum
1398 2445 1552 2544 desideriis
1565 2449 1719 2532 literaria,
1732 2445 1886 2547 plenum

36 2581 44 2588 ·
162 2557 211 2632 98
231 2543 439 2646 publicavit.
541 2553 572 2596 ¹⁵·
630 2543 728 2620 uide
744 2544 930 2620 erroribus
953 2544 992 2619 dt
1018 2541 1282 2628 desesiibusin
1302 2543 1523 2620 doslrlnisa
1579 2565 1639 2643 nt,
1680 2567 1791 2621 ettam·
1813 2544 1887 2622 huc

230 2643 427 2720 referendi:
448 2643 494 2720 ad
509 2647 606 2721 viam
622 2649 720 2720 enim
741 2645 853 2746 ipsam
874 2645 944 2720 iiet·
963 2642 1144 2741 sternunt,
1183 2647 1248 2741 qui
1271 2641 1318 2720 de
1340 2648 1397 2720 via
1415 2643 1532 2720 deflet
1550 2669 1610 2720 cte
1632 2644 1777 2722 docent.
1831 2647 1887 2720 Ut

228 2745 321 2846 sunt,
347 2748 411 2843 qui
429 2745 475 2821 de
490 2747 673 2849 corruptis
688 2747 834 2843 artibus,
850 2741 1167 2843 quemadmodum
1184 2750 1290 2829 Vives,
1316 2765 1495 2847 egerunt3
1549 2769 1611 2821 aut
1631 2745 1677 2821 de
1699 2746 1886 2822 erroribus

194 2897 197 2905 ·
229 2847 334 2952 vulgi
355 2845 588 2948 scripserunt,
630 2867 671 2922 ut
693 2847 826 2919 Thomas
850 2853 960 2919 Braun
982 2847 1019 2920 in
1043 2843 1102 2919 sua
1122 2844 1335 2943 Pseudodoxiu
1357 2847 1542 2948 Epidemica,
1566 2871 1642 2944 quo
1657 2846 1886 2923 situlotlleli-

229 2949 339 3023 brum
354 2948 649 3048 Anglicalingua
663 2943 818 3046 scripsit,
844 2947 882 3019 in
901 2946 1094 3048 Belgicam
1109 2945 1158 3018 lin
1212 2969 1269 3018 am
1285 2944 1504 3022 conversum
1521 2946 1594 3020 hoc
1617 2947 1743 3022 tilulo:
1767 2973 1831 3018 aaa
1846 2948 1885 3018 de

229 3051 407 3148 digamum
429 3047 617 3146 diaulingen
634 3046 827 3128 desaolciss
850 3043 911 3118 sed
924 3069 1022 3119 nunc
1037 3043 1095 3118 ille
1110 3069 1154 3118 au
1193 3047 1249 3120 'ot
1262 3046 1417 3148 Anglica
1441 3045 1563 3149 lingua
1585 3047 1736 3148 prodiit.
1787 3045 1886 3121 Mul-

135 3163 141 3173 ’
229 3169 265 3220 ta
283 3145 415 3220 suntin
435 3144 498 3218 illo
521 3144 616 3218 libro
639 3165 772 3218 notatu.
801 3141 1016 3248 dignissima.
1093 3143 1220 3242 Aliqui
1249 3169 1317 3246 per
1346 3147 1477 3220 Leisica
1498 3145 1701 3224 universam
1724 3145 1885 3248 philoso-

229 3247 355 3346 phiam
370 3242 517 3320 tradunt
546 3243 750 3346 Hippolyti
765 3244 878 3318 lacera
892 3247 1017 3346 potius
1034 3245 1212 3342 membra,
1228 3269 1337 3342 quam
1353 3247 1540 3348 integrum
1554 3267 1689 3348 corpus
1697 3305 1711 3347 ,
1747 3246 1886 3324 exhibi-

67 3389 70 3402 ·
232 3348 317 3446 turi,
339 3342 384 3421 ad
407 3367 489 3442 quae
504 3303 646 3420 lirdibus
661 3342 731 3421 suis
744 3343 965 3422 restituenda
976 3343 1183 3446 AEsculapio'
1202 3345 1325 3444 aliquo
1341 3370 1436 3446 opus
1451 3343 1503 3423 fit.

164 3565 213 3638 99
345 3543 444 3619 lnter
460 3567 518 3620 tot
542 3566 663 3620 tamen
677 3543 876 3620 methodos
892 3545 1035 3646 semper
1056 3569 1157 3621 nova
1176 3544 1394 3646 desideratur
1408 3545 1616 3640 methodus.
1668 3545 1778 3624 Adeo
1793 3571 1885 3648 nun·

234 3669 342 3744 quam
360 3643 468 3720 nobis
485 3644 734 3739 satisfacimus3
759 3671 798 3720 nc
812 3643 904 3744 julla
921 3645 1000 3721 satae
1013 3645 1063 3720 est
1076 3653 1216 3718 Marna
1227 3649 1368 3717 Schoc'lu'
1389 3647 1426 3720 in
1441 3648 1655 3748 prefatione
1666 3649 1749 3722 libri
1763 3647 1803 3719 de
1815 3652 1885 3718 Sce-

225 3745 369 3850 pticisnta
391 3747 554 3844 querela:
582 3750 650 3832 Nan
664 3745 781 3840 inficias
793 3747 937 3831 eundum,
961 3749 1077 3838 multos
1097 3773 1262 3818 occurrere
1275 3755 1361 3818 uiros
1376 3757 1523 3848 egrogios,
1546 3775 1623 3849 quos
1635 3749 1810 3845 satessdsnn
1836 3747 1884 3843 esi,

230 3857 266 3919 in
278 3847 522 3943 ordinandafiue
536 3844 711 3942 unverfhii,
726 3849 991 3950 fiarparuicuiari
1009 3847 1164 3932 aursnoda,
1181 3842 1408 3948 plurimarum
1428 3859 1548 3920 ratioru
1563 3848 1724 3947 ›nonuise5
1774 3875 1843 3950 qua
1858 3847 1889 3942 fi

166 3971 168 3978 ·
231 3946 490 4048 observarentur,
515 3941 560 4020 ἃ*
573 3943 660 4016 labor
673 3948 907 4050 compendioso·
921 3947 1127 4030 redderetur,
1151 3972 1207 4020 nec
1217 3949 1392 4048 periculum
1421 3951 1516 4043 soret
1538 3974 1558 4019 a
1578 3933 1677 4024 variis
1712 3945 1886 4032 munius,

230 4075 308 4152 quos
326 4053 473 4120 venenis
494 4041 654 4148 insignibus
667 4049 794 4132 neuros,
821 4056 878 4118 nix
895 4048 949 4148 ips
962 4045 1051 4144 snus
1075 4073 1189 4118 exuere
1211 4044 1332 4147 pqffint,
1357 4049 1478 4148 quoda
1502 4047 1618 4119 teneris
1630 4075 1681 4120 eos
1697 4047 1885 4134 imbiberint,

231 4153 346 4249 eiusque
366 4149 474 4244 insnu
480 4145 540 4244 suo
552 4172 647 4248 quarn
662 4145 818 4247 urbisano
827 4149 995 4241 foverint-5
1027 4145 1098 4245 >fini
1112 4147 1188 4218 darn
1204 4145 1595 4246 adarersasrante'intrrſs
1609 4169 1812 4231 cuneantur,
1838 4142 1886 4220 ὅ

77 4315 89 4334 ,
230 4257 440 4348 unisquisque
454 4275 495 4318 ex
507 4247 631 4347 asesua
646 4249 800 4333 methodo,
824 4247 897 4316 iicet
913 4249 1045 4318 alios-uu
1068 4271 1187 4347 qnoque
1204 4243 1652 4346 observationibusſssbstruiia,
1676 4273 1796 4320 omnem
1818 4247 1886 4317 iteu-

230 4349 301 4424 dem
322 4344 366 4422 Εἴ
374 4349 687 4446 giars'sarnuiudicarc
702 4349 878 4429 contendit,
910 4349 998 4418 nitra
1018 4348 1199 4424 snesbodtnn
1217 4353 1274 4416 nix
1313 4348 1490 4432 receditur,
1514 4347 1733 4458 disciplineque
1753 4371 1815 4420 nan
1831 4346 1866 4446 s
1871 4389 1885 4404 ·

231 4453 297 4518 iana
327 4445 456 4551 sperato
477 4447 687 4543 destruantur
716 4465 905 4540 ornamento,
922 4445 985 4544 sed
1022 4448 1077 4548 ips
1097 4473 1216 4547 quoque
1237 4367 1312 4543 disd‘
1332 4447 1376 4515 nii
1393 4455 1425 4518 in
1444 4445 1584 4544 uesir'buia
1597 4446 1665 4544 fiala
1689 4448 1885 4520 detinentur.

232 4549 378 4621 budae*
391 4543 502 4651 pasena
529 4549 627 4636 aiara—
642 4555 756 4648 uiginti
772 4555 859 4620 viras
872 4543 1094 4632 celeberrima,
1115 4555 1171 4648 qui
1182 4553 1271 4618 intra
1281 4467 1423 4646 sinisera
1434 4556 1527 4628 varia
1541 4545 1732 4648 mulgentur
1744 4547 1884 4650 scripta,

266 4679 270 4686 “
618 4668 621 4674 '
1550 4679 1556 4687 '
1701 4717 1705 4725 ,
1823 4665 1885 4720 aut
