3970 5236
222 247 228 254 ’
288 191 407 370 sap.
430 261 530 378 xiil.
555 211 613 346 de
627 241 1115 370 exercitationibaeiirstiu'ta
1128 265 1283 346 aratione
1300 221 1544 372 instituendis.
1668 259 1785 372 473⁸.

30 389 33 516 i
69 496 75 504 .
106 433 290 542 historiam,
304 457 501 538 percertas
519 435 712 538 pericopas
729 421 945 535 dillini'tam,
965 432 1152 538 phrasibus
1168 435 1205 512 in
1219 439 1384 542 margine
1406 435 1564 540 adjeeis,
1578 434 1745 517 huicfini
1769 391 1776 432 i

30 571 32 586 =
128 535 299 612 ablicavit.
348 536 553 636 Nunquam
568 535 717 638 aliquod
732 535 878 610 Thema
893 533 1012 636 denar,
1027 533 1091 611 nist
1109 535 1213 634 quod
1237 561 1258 612 e
1279 539 1435 638 quadam
1457 539 1649 618 Ciceronis
1669 541 1744 660 epi·

105 560 192 734 iola,
215 636 276 711 vel
290 637 458 712 Terentii
477 636 593 734 scena,
608 659 676 737 per
691 635 933 712 imitationem
948 633 1158 712 considam.
1210 637 1368 716 Imitatio
1383 641 1440 716 illa
1485 643 1583 717 rima'
1596 637 1745 742 puerilis
1773 665 1777 672 ’
1812 671 1820 693 .

105 735 154 812 vel
167 733 363 836 Epistulam
377 737 437 812 vel
450 733 833 840 Historiolam-fingat,
849 759 870 808 e
887 733 1074 838 phrasibus
1087 735 1337 818 Ciceronianis
1368 741 1429 816 vel
1484 743 1744 817 erentianisto·

93 857 168 912 tam
184 835 449 914 concinnamm:
476 837 576 936 cujus
591 833 761 936 exempla
783 834 1033 936 suppeditavit
1060 836 1222 939 Schorus
1244 839 1290 914 in.
1301 839 1450 916 aureolo
1469 841 1533 918 suo
1554 837 1676 916 libello
1697 837 1744 916 de

104 935 240 1010 Methodo
253 937 395 1010 docenda
407 935 613 1038 discendoque
626 931 804 1010 Latine&
816 941 929 1008 Grece
946 939 1075 1038 siagriae
1125 937 1226 1037 cujus
1254 936 1405 1042 vestigia
1430 939 1649 1044 Magistrum
1676 965 1745 1024 no·

104 1033 204 1112 stnun
219 1035 319 1136 sequi
338 1037 470 1133 velim;
519 1060 566 1112 eo
596 1038 695 1112 enim
724 1033 843 1110 modo
864 1034 1011 1136 phrases
1042 1037 1082 1111 in
1100 1035 1204 1112 arsum
1226 1041 1395 1116 converti
1444 1041 1580 1114 timum
1598 1039 1742 1117 debent.

104 1135 260 1213 *Suadet
274 1133 453 1213 Maresrus
466 1137 593 1238 Epiiaia
606 1135 794 1235 Philologica
809 1161 853 1228 29·
868 1133 917 1208 lib.
933 1163 959 1212 2.
986 1134 1198 1235 ediscendas
1214 1138 1377 1216 Antores
1396 1065 1567 1228 delficos
1588 1142 1743 1215 nonnul·
1760 1149 1781 1226 8
1809 1206 1812 1212 .
1903 1147 1906 1152 ’

30 1293 31 1304 .
104 1235 162 1335 los,
174 1237 404 1335 Terentium,
426 1237 543 1333 aliqua
555 1233 757 1310 Ciceronis.
840 1239 932 1323 Nam
951 1238 1082 1335 inquit,
1099 1239 1271 1342 ssexentpii
1288 1239 1379 1339 causti
1400 1249 1537 1342 quinque
1554 1259 1611 1313 aut
1622 1237 1744 1340 sexsi-
1808 1243 1814 1250 ’

105 1345 208 1410 cerame
224 1333 319 1410 libros
325 1335 468 1430 fimiter
481 1346 514 1408 in
531 1356 634 1432 neam
651 1332 805 1425 habena,
844 1335 948 1410 audibi
967 1345 999 1409 in
1028 1363 1063 1409 co
1091 1339 1231 1442 deinceps
1245 1337 1424 1414 hereditat:
1446 1413 1450 1428 ,
1473 1365 1612 1442 raraque
1623 1343 1748 1444 quidni

105 1439 210 1510 lateas
217 1435 428 1539 scriptoribus
444 1456 602 1522 acmrret,
618 1437 708 1536 quod
724 1459 786 1508 noti
807 1437 1000 1540 irrteld'gant5
1048 1465 1105 1510 mc
1123 1439 1219 1536 forte
1237 1447 1406 1544 quicquam
1427 1451 1501 1527 trit,
1526 1441 1613 1544 quod
1634 1445 1744 1516 Latine

98 1534 224 1635 semum
232 1561 316 1641 parc
335 1532 380 1611 ὅ
401 1540 560 1640 elegum
579 1544 755 1638 exprime
780 1561 842 1608 mn
864 1537 980 1640 paffrnt.
1048 1536 1113 1614 »De
1135 1564 1212 1638 quo
1236 1533 1426 1642 postremo
1452 1539 1642 1642 tamen,s1
1665 1541 1764 1623 usus

106 1635 361 1720 &exercitium
387 1661 466 1713 non
482 1634 661 1712 accesserit
709 1659 782 1738 ego
805 1635 1056 1713 dubitaverim.
1107 1639 1233 1716 Autor
1251 1639 1302 1716 est
1326 1643 1507 1720 Sturmius
1526 1643 1565 1716 in
1585 1641 1681 1719 libro
1698 1643 1747 1722 de

104 1720 370 1812 sacratissimus
384 1738 570 1826 Rhetoricis,
585 1757 628 1812 ut
682 1735 837 1814 'ceronis
856 1735 1056 1814 Orationes
1070 1763 1138 1840 per
1154 1739 1349 1842 discipulos
1363 1743 1592 1842 dividantur,
1630 1741 1750 1845 publi·

105 1859 139 1910 ce
154 1862 172 1912 e
186 1835 352 1916 cathedra
368 1838 584 1914 memoriter
599 1837 805 1911 recitentur.
878 1837 932 1914 Ita
945 1837 1084 1936 aliquos
1099 1843 1279 1916 memoria
1311 1841 1654 1946 comprehensuros,
1690 1844 1749 1920 ali·
1844 1907 1846 1912 ,

30 1997 32 2006 ,
105 1959 188 2032 quos
205 1935 338 2039 exipsa
353 1936 567 2014 recitatione
582 1937 621 2013 ὃ(
641 1937 814 2012 continua
834 1935 1200 2018 auditioneirueturn
1215 1963 1262 2016 ex
1276 1943 1449 2020 omnibus
1471 1944 1540 2042 iilis
1564 1941 1758 2060 Orationi-¹

72 2131 75 2138 Ι
104 2033 162 2116 bus
176 2037 372 2116 habituros.
437 2073 439 2075 ·

202 2167 351 2274 Scripsit
366 2165 450 2274 post
466 2167 604 2245 multos
619 2166 720 2266 alios,
737 2189 832 2266 quos
847 2167 956 2273 supra
970 2169 1218 2276 laudavimus,
1248 2171 1465 2262 Germanica
1491 2176 1615 2282 lingua
1637 2173 1788 2278 const-9

103 2271 181 2348 lium
196 2271 241 2348 de
255 2269 486 2348 Institutione
528 2285 704 2344 neronem
722 2271 980 2370 virnunquam
1000 2271 1078 2352 satis
1104 2273 1277 2374 latidatus‚
1303 2277 1341 2353 di
1366 2279 1570 2353 maximum
1594 2277 1750 2354 Germa·
1768 2279 1781 2354 ἶ

104 2371 307 2459 niaenosttae
327 2371 457 2470 decus,
500 2295 832 2448 iioacrraas
903 2371 1007 2470 quod
1022 2373 1162 2454 editum
1184 2373 1234 2450 est
1256 2375 1500 2482 Argentorati
1521 2377 1619 2454 Ann.
1648 2388 1756 2472 167⁹:

104 2473 136 2548 in
154 2501 203 2552 12.
223 2475 261 2551 dr
279 2469 451 2574 sequente
466 2485 563 2546 anno
583 2476 687 2558 1680.
710 2471 797 2552 alius
812 2431 903 2548 liirer
916 2469 1058 2568 ibidemv
1075 2475 1191 2570 editus
1215 2473 1265 2552 est
1275 2536 1287 2577 ,
1319 2499 1403 2552 curn
1422 2476 1548 2554 tinulo:
1593 2481 1750 2552 'lisineme

30 2593 32 2660 J
107 2577 290 2660 Tirocinium,
301 2578 366 2676 five
380 2575 500 2644 'Praxit
514 2573 705 2643 iaciamus
721 2573 931 2668 Instituiionis.
981 2571 1094 2650 Multi
1108 2579 1146 2654 in
1174 2576 1232 2652 his
1257 2577 1384 2652 libellis
1408 2575 1456 2651 de
1483 2577 1672 2654 Autot'um
1687 2600 1749 2653 ex·

102 2675 294 2776 plicatione,
324 2673 637 2774 interpretatione,
668 2669 819 2773 Regalis
852 2669 1122 2772 Grammaticis,
1151 2675 1348 2778 elegantiis,
1380 2669 1605 2779 deteguntur
1626 2676 1752 2791 vulga·

30 2793 32 2856 7
103 2777 189 2854 tium
204 2773 469 2880 Magistrorum
488 2791 640 2848 errores.
690 2767 917 2846 Comeniana
938 2795 1088 2869 quoque
1102 2773 1166 2847 sub
1182 2797 1333 2849 examen
1349 2796 1541 2874 vocantur,
1557 2800 1598 2851 ac
1614 2797 1750 2854 merito

97 2877 270 2956 eScholis
289 2875 506 2980 relegantur.
607 2870 630 2916 i
655 2869 802 2944 Verum
832 2870 871 2944 in
906 2867 990 2971 styli
1010 2875 1191 2950 exercitiis
1215 2871 1283 2975 ipst
1309 2871 1472 2950 assentire
1492 2897 1571 2952 non
1593 2871 1816 2977 pessumae

105 2975 190 3081 Qut
206 2980 264 3055 ille
281 2977 363 3052 v'ult
378 2987 424 3050 e'x
439 2968 602 3048 Historia
622 2966 771 3066 desumi,
788 2967 924 3046 collatis
948 2968 1093 3072 semper
1113 2972 1276 3072 ejusdem
1290 2972 1457 3066 -historiae
1486 2973 1587 3078 apud
1609 2995 1752 3054 ceteros

102 3077 267 3176 Antores,
282 3073 504 3172 Historicos,
518 3069 711 3168 Oratores,
725 3067 867 3170 Polites,
890 3073 1002 3172 aurei,
1022 3076 1198 3176 argentei,
1218 3077 1310 3152 aenei
1327 3073 1435 3152 seculi
1458 3075 1645 3191 parallelis,
1667 3099 1752 3176 quae
1830 3087 1834 3094 “

104 3180 167 3256 tiro
183 3176 305 3258 noster
326 3174 520 3292 legat,&e
537 3171 669 3271 quibus
689 3172 895 3247 orationem
909 3173 1033 3248 variet.
1124 3175 1146 3221 *
1171 3173 1257 3279 Ego
1280 3200 1373 3254 vero
1388 3177 1512 3252 malam
1528 3175 1750 3280 purissimos,
1770 3204 1813 3259 rr

103 3277 245 3358 &nulla
259 3277 367 3355 seculi
384 3275 438 3354 sur
449 3273 527 3350 labe
542 3270 712 3371 insertos,
747 3294 788 3350 ut
812 3271 904 3348 nihil
918 3271 968 3348 'de
982 3275 1081 3350 varia
1095 3277 1271 3354 orationis
1287 3276 1407 3353 fornia
1423 3276 1560 3375 dicam,
1593 3278 1631 3353 in
1646 3275 1750 3354 usum
1799 3356 1804 3370 ,
1830 3351 1832 3356 ,

101 3379 253 3458 adhiberi
260 3407 272 3477 ;
322 3402 371 3458 ne
403 3373 537 3476 quide
565 3369 814 3475 posteriorum
839 3373 1199 3473 temporumscoreis
1213 3375 1374 3477 puriorIs
1390 3376 1570 3455 latinitatis
1585 3401 1675 3455 auro
1689 3377 1750 3456 ad·

102 3477 246 3559 haereat:
297 3503 363 3554 cur
381 3479 480 3554 enirn
509 3497 567 3551 tot
597 3475 759 3548 Autore's
785 3470 948 3548 misceret
970 3469 1091 3575 puer?
1142 3499 1188 3549 an
1210 3475 1257 3551 ad
1284 3477 1460 3553 orationis
1489 3471 1678 3580 copiam?
1706 3503 1750 3558 ea
1786 3498 1789 3504 ’

102 3579 245 3684 aliunde,
273 3572 384 3680 quam
402 3600 447 3653 ex
461 3575 517 3651 illa
536 3575 726 3650 Autorum
739 3569 886 3648 mistura
898 3577 1032 3749 purior
1044 3573 1171 3649 haberi
1182 3573 1315 3677 potest,
1334 3577 1383 3670 Ιὅ(
1442 3579 1539 3662 otius
1575 3599 1622 3654 ex
1657 3604 1750 3682 uno,

103 3702 242 3776 quame
268 3679 392 3758 multis
410 3673 616 3776 quaerenda.
660 3673 724 3748 An
748 3673 846 3750 sorte
873 3697 899 3750 o
955 3671 1114 3750 historia
1157 3673 1351 3752 notitiam?
1403 3679 1570 3755 'lavero
1590 3677 1746 3757 hicnon

104 3781 198 3858 valde
219 3778 442 3860 attendenda
456 3774 612 3850 videtur.
686 3773 832 3849 Minuta
846 3775 945 3848 enim
966 3775 1088 3849 omnia
1112 3771 1194 3852 sunt
1221 3777 1258 3854 ὅ(
1277 3777 1463 3882 discerpta.
1533 3779 1671 3877 Neque
1687 3803 1749 3856 ve·

103 3875 159 3956 lim
182 3881 254 3986 ega
268 3885 308 3957 in
325 3881 444 3982 prima
458 3888 563 3952 aetate
576 3869 776 3952 Historiam
799 3897 885 3960 curn
909 3873 1108 3952 latinitatis
1131 3873 1321 3980 dispendio
1361 3879 1458 3981 disci,
1486 3879 1589 3979 cujus
1617 3880 1748 3982 potior
1773 3953 1777 3964 ,

104 3986 288 4064 ῐιιησπατὶο
302 3976 470 4060 habenda
483 3973 542 4052 est.
592 3975 697 4050 Nam
1711 3991 1713 3998 ’

356 4111 362 4122 .
388 4248 394 4252 „
432 4142 607 4244 Qaftmei
619 4139 789 4242 eslimbuia
803 4139 1070 4244 recemsrtvabii
1094 4143 1221 4220 odorem
1284 4117 1287 4122 ι

437 4275 523 4374 Testa
541 4275 608 4360 diu,
670 4299 673 4306 ’
1195 4305 1204 4316 ·

107 4467 213 4552 neque
225 4447 299 4528 ulla
313 4460 392 4522 arte
409 4439 534 4559 polica
549 4441 715 4518 eluentur
732 4440 869 4543 sordes,
881 4465 972 4540 quas
993 4437 1104 4518 semel
1128 4443 1245 4520 oratio
1266 4437 1459 4518 contraxit.
1508 4437 1605 4516 Non
1626 4437 1745 4516 dicant

107 4547 146 4628 cle
160 4553 337 4726 varietatp
348 4567 504 4644 numen,
524 4541 787 4647 periodorum,
815 4541 939 4650 positu
964 4540 1180 4722 verbgrum,
1219 4567 1301 4644 que
1325 4541 1363 4619 dc
1383 4541 1525 4619 maione
1543 4537 1744 4720 Ampium,

146 4651 288 4730 Tantus
1094 4667 1152 4724 oo
1672 4663 1745 4724 ara·
