3986 5246
113 275 114 282 ‘
212 299 313 412 111Ι
374 219 397 238 ”
515 277 519 286 ·
720 333 730 368 s
774 263 1276 427 :maturuerint
1377 335 1379 342 ,

209 453 390 558 gentium,
406 449 600 551 Afrorum,
618 445 869 550 Chineniium,
891 449 1125 548 Gtaecorum,
1146 445 1414 545 Romanorum,
1436 446 1593 546 antiquis
1614 469 1656 524 ac
1677 441 1891 548 deperditis,
1984 437 1985 530 ζ

189 579 252 632 ac
269 552 316 632 de
334 550 596 629 recentioribus
611 551 859 650 Bibliothecis,
885 552 1038 654 integris
1061 549 1162 626 libris
1184 569 1340 652 egerunt
1359 545 1521 624 ritutores
1552 543 1660 650 supra
1683 552 1890 646 memorati,
1984 641 1985 648 ἵ

59 649 62 660 ’
214 652 432 758 etsrmagna
449 653 556 729 nobis
573 649 764 754 spicilegia,
791 675 887 754 pene
907 650 1065 726 dixerim
1086 647 1233 748 messes,
1256 649 1322 724 teli
1348 649 1477 725 uerint.
1530 647 1721 753 Qoniam
1736 673 1828 726 veto
1842 647 1892 724 de
1984 701 1985 720 1

211 752 448 830 Bibliothecis
461 751 671 856 fingulatim·
680 775 789 858 agere
809 774 888 828 non
907 745 958 826 est
974 748 1088 826 nostri
1109 746 1283 847 instituti,
1315 673 1474 847 ileoque
1486 747 1544 826 illa
1563 750 1889 854 praetermittimus.
1984 799 1985 816 ι

145 855 190 930 35
212 851 290 930 *ld
305 877 410 953 vero,
425 875 617 951 antequam
634 850 711 926 hoc
724 850 771 928 de
791 875 832 927 re
848 851 1125 929 Bibliothecaria
1137 861 1396 954 argumentum
1417 848 1662 949 dimittamus,
1679 859 1888 950 monemus,
1984 933 1985 940 Ν

212 952 399 1031 denotitia
417 948 751 1052 Bibliothecaria,s
846 947 965 1028 aribus
994 952 1177 1053 excerptis
1201 949 1486 1028 bibliothecariis
1542 949 1681 1035 aranda,
1703 948 1889 1048 omnibus,

121 1119 128 1130 ,
197 1079 290 1130 non
305 1052 591 1130 bibliothecariis
612 1072 765 1152 tantum,
794 1051 840 1128 ed
855 1052 1044 1150 quibusvis
1059 1053 1217 1149 literatis,
1231 1048 1468 1127 laborandum
1483 976 1561 1127 elle.
1612 1049 1734 1128 latius
1757 1071 1891 1128 eorum

207 1165 310 1332 patet
323 1153 467 1252 utilitas,
479 1176 588 1249 quam
604 1151 865 1256 excerptorum
884 1150 1100 1256 specialium,
1121 1175 1204 1252 quae
1220 1149 1284 1229 sub
1301 1151 1368 1228 illis
1380 1153 1615 1230 continentur
1624 1176 1637 1247 ;
1685 1165 1894 1250 eorumque
1984 1167 1985 1246 j

239 1253 396 1332 efeslum
410 1251 511 1341 facile
524 1249 650 1329 sarcire
662 1251 822 1356 poliunt.

143 1466 196 1564 36
289 1429 611 1537 'Excutiat
661 1479 716 1532 tx
766 1455 835 1534 Ra
882 1453 1365 1552 Brrtrorrrnca‘xta
1403 1455 1891 1555 velunovolumine,vel
1984 1445 1985 1450 ‘

210 1554 374 1659 diversis,
390 1557 525 1634 institui
540 1555 695 1661 possunt.
733 1555 917 1636 Horti
936 1582 963 1632 rt
979 1581 1004 1632 e
1018 1582 1039 1632 n
1052 1581 1076 1634 r
1090 1582 1149 1636 us
1199 1560 1238 1633 in
1256 1555 1550 1656 Bibliothecario,
1593 1578 1683 1661 part.
1701 1583 1720 1630 t.
1770 1578 1834 1658 cap.
1847 1583 1894 1641 7.,
1984 1565 1985 1570 ‘

208 1681 365 1758 quatuor
379 1657 518 1740 indices
557 1684 601 1736 ro
615 1657 852 1736 Bibliothecis
872 1657 952 1734 lieri
965 1659 1079 1758 jubet.
1135 1681 1163 1732 1.
1190 1657 1532 1773 Chronologicum,
1566 1682 1644 1757 quo
1657 1659 1816 1734 Autores
1835 1655 1890 1732 se·
1984 1723 1985 1730 1

185 1757 371 1850 ‚mudum
385 1757 512 1841 seriem
526 1685 730 1836 seculorum
747 1756 1029 1866 distinguuntur.
1079 1785 1114 1838 2.
1129 1759 1185 1835 Lo
1215 1760 1324 1859 icum,
1343 1782 1409 1856 qut
1427 1755 1625 1834 secundum
1644 1761 1890 1855 materiarum,
1937 1833 1942 1843 ,

205 1857 273 1935 stbi
288 1857 613 1958 subordinatarum,
629 1884 768 1962 nexum
786 1858 1054 1976 disponendus„
1080 1887 1128 1960 3.
1152 1781 1430 1964 Tleologicum
1449 1859 1549 1958 (nam
1570 1857 1621 1962 ad⁴
1637 1857 1786 1936 Theolo
1815 1859 1890 1932 iarn

205 1959 265 2034 ille
280 1962 456 2062 primario
473 1957 644 2060 respicit),
664 1962 729 2058 qui
749 1961 959 2036 nominibus
973 1959 1043 2036 suis
1067 1985 1198 2038 omnes
1217 1959 1440 2062 Theologos
1466 1961 1712 2059 cujuscunque
1726 1881 1890 2062 1111910-
1970 1995 1985 2042 r

149 2085 152 2090 ·
205 2059 263 2160 nis
282 2059 459 2134 exhibeat.
509 2087 543 2158 4.
560 2059 850 2139 Grammaticum
866 2058 889 2135 s
905 2056 1208 2161 Alphabeticum,
1245 2083 1357 2160 quem
1380 2058 1564 2160 duplicem
1586 2063 1719 2136 iterum
1733 2057 1801 2151 esse
1818 2083 1886 2134 vo·
1984 2071 1985 2108 1

204 2157 285 2258 luit,
305 2159 437 2236 realem
463 2159 501 2237 ἃ
515 2158 750 2334 personalem,
766 2160 805 2237 ὃ(
818 2160 920 2246 Ι11111111
934 2158 1085 2260 quidem
1099 2161 1265 2238 latiorem
1287 2161 1348 2236 vel
1372 2157 1600 2259 stridiorem,
1620 2159 1786 2238 latiorem
1810 2181 1885 2262 pto
1984 2177 1985 2252 g

204 2259 360 2364 integris
377 2257 513 2340 trasiati
539 2285 594 2358 us,
609 2257 826 2337 strisiiorem
841 2287 913 2364 pro
929 2258 1144 2337 trailatuum
1164 2260 1337 2362 partibus.
1388 2259 1430 2335 In
1474 2259 1624 2336 ersonali
1639 2286 1717 2338 non
1734 2261 1889 2337 nomina

205 2357 434 2462 simpliciter,
455 2359 517 2436 sed
536 2359 575 2436 dt
591 2362 716 2460 vitam,
731 2361 935 2463 personam,
950 2357 1109 2438 ultiones
1122 2361 1190 2437 &c
1218 2358 1368 2437 strisiitn
1392 2285 1544 2437 dellribi
1561 2360 1653 2438 vult.
1701 2361 1773 2436 His
1792 2359 1890 2436 indi·
1984 2425 1985 2440 ,

155 2475 162 2492 ‘
204 2457 307 2537 cibus
324 2459 490 2566 adjungit
505 2461 654 2538 ulterius
673 2459 738 2565 To
767 2461 1023 2566 ographicum,
1040 2464 1105 2558 qui
1119 2459 1316 2537 secundum
1334 2451 1434 2538 orbis
1450 2477 1572 2563 partes
1586 2463 1748 2544 Antores
1763 2455 1891 2562 dispo-

80 2636 83 2643 .
204 2563 272 2659 nit,
290 2561 328 2638 dt
342 2560 599 2673 S'yncriticum,
622 2488 764 2639 save&
925 2563 931 2578 '

756 2581 1026 2665 ompatatrvum
1057 2563 1261 2660 Autorum,
1283 2559 1497 2638 editionum.
1547 2562 1619 2639 Sed
1646 2585 1807 2661 quantus
1823 2563 1893 2638 ille

203 2659 309 2737 labor
322 2660 478 2761 futurus,
496 2687 607 2762 quam
621 2664 728 2740 etiam
744 2665 782 2739 in
797 2664 920 2740 multis
934 2687 1012 2738 non
1026 2659 1253 2739 necessarius!
1305 2659 1402 2760 Mihi
1416 2659 1567 2760 quidem
1580 2663 1717 2740 indices
1731 2663 1893 2744 Hortin-

204 2764 345 2866 geriani
360 2787 437 2840 non
451 2763 593 2840 inutiles
612 2789 686 2867 pto
702 2763 996 2862 Bibliothecario,
1014 2762 1052 2838 81
1074 2765 1137 2863 qui
1151 2761 1798 2858 'commentationesBibliothecan'as
1821 2789 1898 2866 paa

204 2884 270 2962 rat,
287 2863 471 2963 videntur,
486 2861 546 2940 sed
561 2866 745 2968 ptqviro,
762 2867 826 2963 qui
839 2867 903 2940 alia
915 2863 1023 2940 habet
1035 2863 1186 2968 agenda,
1203 2865 1311 2938 nimis
1333 2860 1488 2965 operosa
1541 2863 1763 2968 Quaquam
1784 2867 1899 2942 enirm
1984 2957 1985 2968 ἵ

118 3017 122 3037 ,
205 2961 509 3078 Chronologicus
530 2961 641 3040 index
658 2963 701 3040 stt
712 2963 924 3064 utilissimus,
933 2987 1091 3064 eumque
1104 2964 1276 3039 ordinem
1289 2987 1368 3066 prae
1380 2965 1508 3042 ceteris
1526 2989 1585 3040 am
1613 2967 1715 3041 lexus
1729 2963 1772 3042 fit
1786 2965 1895 3042 Vos·
1984 2969 1985 2974 ’

205 3060 275 3160 lius
290 3061 442 3138 inlibris
459 3061 528 3138 suis
564 3063 878 3167 Topographicus
907 3066 1015 3139 etiam
1035 3089 1114 3139 non
1138 3065 1262 3167 exigui
1281 3061 1362 3140 usus
1383 3061 1438 3164 su,
1460 3087 1536 3163 quo
1558 2991 1683 3141 111011
1704 3067 1821 3163 aliqua
1835 3091 1893 3145 ex

204 3183 307 3338 parte
322 3188 390 3239 nos
408 3123 655 3337 (ffeniledius
669 3164 805 3239 levavit
814 3189 832 3259 3·
850 3161 1016 3239 existimo
1037 3183 1177 3264 tamen,
1199 3189 1285 3240 cum
1305 3181 1465 3266 propter
1486 3187 1543 3240 res
1569 3166 1582 3238 i
1609 3163 1660 3243 sas
1684 3167 1807 3242 omnia
1829 3167 1892 3246 di·
1984 3257 1985 3260 Ἴ

93 3301 94 3304 “
220 3285 346 3339 cantur
372 3289 418 3339 co
459 3263 566 3338 ultius
582 3259 675 3364 fore,
692 3261 718 3339 fi
733 3261 869 3340 indices
882 3265 993 3340 reales
1018 3262 1224 3363 habeamus,
1241 3290 1319 3341 non
1338 3268 1442 3340 anxie
1462 3262 1568 3340 secun
1595 3289 1659 3342 um
1682 3290 1807 3342 retum
1834 3267 1891 3346 se-

149 3427 151 3432 .
204 3363 309 3463 riem,
330 3324 438 3438 111111
467 3361 632 3440 babetico
647 3361 778 3440 ordine
796 3361 991 3481 dispostas
1006 3365 1044 3468 in
1065 3365 1197 3463 quibus
1218 3366 1330 3442 titulis
1358 3363 1584 3464 subjiciamus
1605 3362 1687 3444 suos
1708 3367 1888 3470 Antores,

205 3465 411 3556 connotatis
431 3389 576 3565 simper
588 3467 695 3542 variis
708 3463 938 3553 editionibus
954 3467 1079 3566 patria,
1094 3487 1273 3569 tempore,
1289 3469 1487 3564 ceterisque
1500 3463 1587 3546 scitu
1601 3465 1809 3567 necessariis,
1819 3469 1889 3546 ubi

203 3559 248 3638 se
258 3564 356 3640 ultro
371 3567 551 3668 ingerunt.
603 3561 1404 3670 111111111111111111111111118111111111
1423 3560 1555 3680 magna
1575 3566 1782 3646 difficultate
1804 3567 1886 3646 Au·
1984 3601 1985 3622 ¹

204 3685 304 3739 tores
318 3662 442 3739 claffici
457 3663 494 3740 dt
508 3661 671 3762 historici
684 3662 831 3741 seorsim
845 3667 958 3742 locari
970 3667 1162 3764 notarique
1175 3668 1213 3742 in
1228 3669 1270 3743 iis
1286 3667 1395 3742 variae
1411 3663 1601 3767 editiones,
1619 3693 1665 3744 ne
1686 3667 1829 3772 semper
1842 3671 1887 3746 in

205 3761 307 3840 vasto
321 3772 484 3862 quaerer'e
504 3787 636 3841 acervo
658 3767 738 3847 iilos
759 3765 938 3843 necessum
960 3764 1013 3842 stt.
1060 3765 1162 3842 Hinc
1185 3766 1344 3843 Criticos
1366 3767 1502 3868 potius,
1523 3794 1634 3867 quam
1656 3769 1883 3870 Syncriticos

67 3921 95 3948 ,.
165 3899 170 3910 ¹
204 3863 346 3940 Indices
361 3861 466 3980 supet
481 3865 643 3941 Autores
658 3867 776 3970 parari
791 3869 921 3968 velim,
944 3867 1076 3966 quibus
1099 3867 1318 3971 colligantur
1332 3865 1466 3966 judicia
1492 3866 1538 3942 de
1557 3868 1773 3970 Autoribus,
1795 3895 1883 3968 quae

204 3965 265 4040 vel
280 3965 317 4038 in
334 3963 490 4044 lechone
502 3964 601 4067 apud
614 3963 777 4043 Autores
796 3986 1015 4058 occurrunt,¹
1035 3967 1094 4043 vel
1117 3991 1201 4066 quae
1220 3970 1317 4044 inter
1336 3966 1516 4064 colloquia
1538 3993 1623 4044 cum
1646 3971 1735 4046 viris
1761 3968 1884 4048 doliis

174 4063 463 4170 ,ipiinotamus
514 4067 610 4150 Non
633 4065 756 4143 credat
786 4065 887 4143 facile
917 4069 1061 4168 aliquis,
1105 4090 1275 4167 quantam
1290 4067 1481 4143 utilitatem
1502 4091 1559 4144 res
1581 4069 1638 4144 illa
1650 4069 1814 4148 habitura
1828 4069 1883 4148 stt.
1984 4087 1985 4090 ’

145 4174 189 4248 37
209 4165 385 4241 i-Eorutn
399 4167 610 4268 exemplum
623 4167 729 4243 nobis
747 4167 917 4270 praebent
931 4167 1068 4262 Judicia
1080 4166 1127 4243 de
1149 4167 1363 4256 autoribus,
1387 4165 1431 4242 ab
1452 4165 1672 4270 Anonymo,
1699 4195 1810 4270 quem
1832 4192 1884 4247 tu·

205 4289 292 4343 men
305 4265 410 4368 supra
425 4268 707 4368 nominavimus,
723 4270 762 4344 in
780 4268 895 4344 Gallia
912 4265 1078 4345 instituta
1130 4267 1246 4346 Nunc
1262 4265 1413 4369 quoque
1430 4265 1509 4342 talia
1524 4267 1693 4348 Matthiae
1704 4273 1886 4346 Zimmer-

207 4367 333 4448 manni
348 4365 415 4448 sub
439 4367 555 4468 praelo
577 4365 623 4444 de
661 4367 865 4446 Autoribus
897 4365 1032 4468 judicia
1054 4363 1123 4444 eise
1141 4390 1323 4468 narratur,
1351 4393 1434 4466 quee
1470 4367 1640 4446 nondum
1664 4371 1752 4448 vidi.
1808 4369 1885 4448 Ru·
1984 4399 1985 4434 1

208 4459 414 4548 dinentum
428 4467 552 4572 talium
566 4491 824 4573 excerptorum
837 4467 1158 4576 praebetMagitus
1172 4467 1535 4578 inEponymologio
1544 4469 1697 4578 Critico,
1706 4473 1771 4574 qui
1785 4497 1888 4652 ppne

1744 4597 1788 4652 eu
1826 4595 1890 4651 tor
1984 4623 1985 4628 ¹
