3950 5236
108 239 111 246 Ι
231 297 303 374 554
494 255 497 262 ,
774 245 965 370 ⁸Polylu'st.
985 263 1139 344 literar:
1165 261 1240 342 Lib.
1258 261 1297 342 ΙΙ.

229 465 295 545 pes
314 440 382 517 dcc.
434 435 625 539 Perpernae
644 437 703 512 laic
721 435 802 510 stant
815 433 1047 534 Metaphorte
1064 438 1144 512 κατ’
1158 435 1331 535 iniquam.
1381 431 1615 510 Tribunnttrr
1633 437 1732 510 enim
1750 429 1882 536 statuae,

231 567 314 640 quae
334 537 523 615 tribuenda
539 539 619 613 alias
634 536 784 610 animali.
834 535 1016 642 Laudare,
1031 532 1203 632 ifltljello,
1217 535 1284 608 scil.
1306 531 1403 626 [οἶος
1428 526 1622 636 amplificat
1640 535 1749 610 variis
1766 532 1883 608 fielin-

230 642 338 716 nibus
357 641 394 715 ὃ(
409 639 560 738 hypoty
590 635 710 711 ostbus
731 658 771 710 ac
786 635 1124 734 comparationibus
1139 639 1229 706 cum
1256 635 1330 708 aliis
1352 631 1614 733 fundamentis,
1634 657 1720 731 quae
1748 635 1884 731 majora

230 758 517 842 operapottant.
563 662 956 810 {andaclanam
973 733 1097 833 operis
1117 730 1561 833 perfedli,perfillionem
1574 731 1884 836 geniiquasrcoo·
1951 815 1956 834 ,

230 845 403 942 perantiS,
419 833 751 937 &descriptionem
773 831 868 909 illius
888 831 1021 908 laboris
1040 855 1106 932 per
1119 830 1293 928 adjunlla.
1347 829 1564 908 Connexio:
1589 857 1655 907 nec
1669 833 1796 936 longae
1817 855 1885 908 tta·

146 955 151 960 ’
231 965 317 1036 xere
332 961 457 1013 morae.
472 961 500 1021 7.
517 941 619 1007 Ornat
633 935 839 1108 Prosopopoer'a
855 954 975 1008 totum
994 932 1067 1006 hoc
1094 955 1249 1005 carmen.
1324 931 1528 1007 Introducit
1550 933 1649 1007 enim
1674 933 1751 1006 loci
1769 930 1885 1008 custo·

230 1037 316 1115 dem
332 1035 533 1114 statuam&
557 1037 718 1132 equitem
735 1036 764 1108 al
780 1053 991 1131 oquentem.
1016 1091 1018 1096 s
1066 1028 1325 1108 Consideratur
1350 1032 1410 1106 bic
1433 1031 1585 1132 triplicis
1612 1035 1792 1133 temporis
1817 1035 1886 1107 clt-

230 1136 460 1228 cumllantia3
512 1134 579 1236 (r)
606 1133 774 1233 Prasmtis.
858 1131 936 1233 lpse
976 1131 1047 1206 loci
1085 1128 1204 1208 custos
1247 1134 1375 1208 extulit
1408 1154 1545 1234 caput,
1584 1131 1623 1206 dt
1660 1131 1741 1206 haec
1792 1130 1883 1208 infit.

160 1265 163 1272 ¹
228 1237 512 1340 Amplificantur
526 1235 582 1310 bae
600 1235 783 1309 sentcntiae
804 1255 872 1334 per
900 1230 1098 1334 πςὸσληψιν
1124 1232 1303 1306 variarum
1328 1229 1676 1328 circumstantiarum
1705 1231 1884 1308 &varia-

230 1365 314 1415 tum
330 1335 524 1413 actionum.
598 1335 651 1434 (2)
677 1338 837 1406 Prata-iti
854 1341 1022 1433 temporis:
1047 1331 1073 1406 li
1089 1353 1125 1405 te
1143 1327 1262 1406 nollra
1280 1329 1436 1407 tulillent
1452 1329 1571 1406 secula.
1623 1329 1885 1432 Amplificatur

228 1461 348 1516 autern
365 1462 451 1514 corn
480 1439 643 1511 aratione
658 1431 888 1507 dilltmilium¹
940 1431 1141 1532 Comparat
1163 1433 1261 1504 enim
1278 1431 1376 1508 bunc
1402 1455 1538 1529 equum
1567 1457 1652 1507 cum
1681 1455 1780 1530 equo
1799 1433 1885 1506 Ale·

106 1559 110 1566 '
227 1539 358 1616 xandn
375 1538 429 1612 Μ.
447 1463 717 1636 sscscriptiones
738 1554 872 1607 ornant
885 1531 1084 1608 sententias.
1162 1529 1215 1630 (3)
1236 1533 1349 1604 Faturi
1369 1539 1523 1633 tempatis.
1577 1531 1688 1634 Opus
1711 1533 1785 1607 hoc
1802 1557 1885 1633 per·

226 1660 381 1744 petuum
397 1639 475 1711 erit.
527 1631 738 1735 Amplilicat
753 1633 826 1708 hoc
842 1655 908 1732 per
922 1632 1231 1706 enumerationem
1253 1655 1377 1706 earum
1398 1655 1533 1730 terrun,
1552 1657 1638 1730 quae
1662 1631 1801 1731 aliquid
1826 1631 1886 1705 de·

139 1825 142 1830 ,
229 1739 364 1816 struere
384 1736 511 1833 solent,
529 1736 566 1815 ὅ(
582 1734 731 1834 quidem
749 1759 816 1834 per·
831 1731 951 1836 derat:-
964 1755 1042 1807 non
1054 1732 1219 1830 hyemes,
1234 1755 1311 1805 non
1332 1751 1475 1828 ventos,
1512 1757 1588 1806 non
1613 1730 1766 1808 fulmina
1795 1731 1884 1807 hor·

228 1861 296 1936 ret,
314 1861 390 1912 non
408 1833 575 1911 aestatem.
626 1833 838 1934 Amplllictt
860 1833 1072 1932 deindepet
1093 1831 1207 1927 θέσιν,
1229 1832 1377 1907 certabit
1397 1855 1481 1904 cum
1495 1831 1617 1908 Roma
1632 1830 1678 1906 tle
1725 1833 1886 1932 erpetui·

226 1961 309 2016 tate.
362 1935 486 2010 Ornat
509 1934 634 2008 itidem
660 1957 726 2044 pet
747 1931 935 2008 fictionem
957 1955 1094 2006 novam
1117 1931 1284 2006 Deorum
1306 1929 1521 2007 &fratrum
1549 1933 1643 2007 ccelo
1666 1857 1885 2032 labentium,

230 2061 314 2136 quae
329 2036 413 2110 huic
428 2035 577 2134 imagini
592 2031 784 2106 miscebant
798 2030 925 2106 oscula.
1004 2045 1035 2118 8.
1060 2031 1184 2102 Claudit
1208 2051 1282 2102 voro
1301 2055 1361 2133 per
1375 2031 1578 2132 apostrophen
1601 2032 1647 2106 ad
1662 2029 1782 2132 ipsum
1805 2031 1885 2108 Do-

228 2138 430 2213 mitianum.
475 2128 692 2232 .Amplilicat
707 2131 780 2205 lroc
795 2133 1068 2231 comparatione
1090 2131 1127 2204 bt
1149 2127 1361 2206 {aduolare
1381 2127 1570 2230 artificum,
1586 2157 1670 2232 quae
1693 2130 1814 2230 ipsum
1824 2133 1885 2206 vel
1965 2213 1966 2216 Ἴ

227 2235 370 2312 finoere
388 2233 448 2308 vel
463 2235 617 2334 pingere
632 2232 778 2326 vellent,
800 2253 860 2304 aut
878 2255 959 2326 quae
981 2226 1045 2330 ipsi
1066 2227 1202 2326 templa
1228 2233 1369 2332 erigere
1392 2245 1576 2329 cuperent.
1629 2233 1729 2307 Vive
1746 2231 1824 2332 diu,
1845 2231 1884 2307 er
1965 2233 1966 2302 ζ

151 2411 153 2416 ,
227 2303 361 2414 nollrae
383 2335 525 2438 pietatis
545 2331 661 2407 cultus
673 2355 752 2408 non
766 2329 906 2432 sperne,
927 2353 993 2431 per
1013 2323 1275 2432 Exergasras&
1297 2327 1538 2432 Peripbrases.

324 2532 397 2613 His
434 2533 609 2635 exemplis
634 2527 792 2606 insistere
823 2527 1010 2631 pollumus
1043 2530 1081 2604 in
1106 2532 1232 2607 ceteris
1260 2553 1412 2630 qnoque
1437 2533 1640 2609 carminum
1673 2533 1881 2636 generibus.
1965 2545 1966 2552 '

166 2654 213 2729 41
228 2635 330 2712 Nam
350 2636 541 2752 &Elegiae
560 2633 597 2710 δι
612 2629 711 2708 Odae
725 2629 860 2728 eodem
887 2630 1003 2706 modo
1032 2630 1193 2724 ordinari
1226 2629 1383 2734 poliunt.
1458 2635 1479 2680 *
1506 2632 1626 2737 Qod
1647 2629 1674 2706 sr
1701 2635 1783 2730 quis
1807 2636 1883 2733 jam

227 2735 361 2814 Ovidii
374 2737 536 2840 Elegrass
546 2733 714 2836 inprimis
729 2728 939 2806 Heroidum
954 2725 1131 2832 Epistulas
1149 2752 1227 2832 prae
1249 2731 1412 2810 manibus
1441 2731 1565 2832 sumat,
1592 2733 1630 2808 ἃ
1650 2734 1687 2807 in
1708 2731 1785 2809 suas
1808 2733 1883 2809 sen·

224 2840 355 2914 tentius
369 2860 476 2936 atque
492 2855 702 2911 ornamenta
721 2830 886 2930 resolvet,
905 2830 1018 2905 llatim
1035 2829 1225 2906 artificium
1246 2831 1509 2932 deprehendet,
1525 2831 1628 2932 qnod
1643 2836 1681 2907 in
1698 2831 1769 2909 illis
1787 2833 1883 2909 sum·

225 2957 331 3014 mum
365 2935 423 3012 est.
501 2933 662 3012 Ouidius
689 2934 797 3027 euim,
822 2955 862 3005 ut
888 2951 966 3004 erat
987 2929 1182 3005 'cultillrmo
1199 2935 1363 3034 ingenio,
1387 2936 1434 3008 lta
1457 2934 1546 3008 nibil
1568 2935 1763 3031 quicquam
1788 2936 1882 3009 omi·

226 3035 269 3113 fit
294 3041 331 3110 in
357 3035 524 3112 ornando
549 3034 720 3126 cat-minc,
747 3031 871 3131 Elegia
908 3029 1108 3129 ptaesertim
1116 3056 1126 3124 3
1158 3029 1263 3130 ade0,
1284 3053 1325 3106 ut
1347 3031 1564 3134 quibusdam
1587 3036 1719 3109 nimius
1738 3033 1882 3108 videre-

227 3159 299 3232 tur,
317 3137 380 3233 qui
406 3131 674 3208 declamatorias
695 3133 734 3204 in
750 3129 814 3204 illo
836 3132 992 3232 argutias
1008 3149 1194 3206 notarunt.
1270 3129 1341 3208 Sed
1354 3157 1433 3209 non
1451 3131 1513 3233 est,
1531 3157 1572 3210 ut
1585 3132 1732 3230 illorum
1746 3131 1881 3230 judicia

227 3259 431 3310 moremur.
507 3258 510 3266 ’
969 3271 974 3276 ·
1308 3269 1312 3276 ·
1373 3245 1385 3260 ’

339 3394 344 3398 .
602 3395 605 3404 ,
722 3375 727 3386 ,
1464 3376 1478 3404 s

166 3457 216 3534 42
340 3435 383 3510 ln
400 3435 538 3609 Lprico
552 3437 709 3512 carmine
726 3436 879 3511 eandem
901 3435 1080 3508 rationem
1101 3430 1200 3532 sequi
1225 3431 1420 3536 poll'umua.
1491 3433 1606 3534 Nam,
1630 3432 1657 3508 fi
1678 3434 1880 3512 Horatium

227 3536 426 3636 nobisprae
455 3561 594 3634 camus,
611 3535 766 3639 singulas
782 3533 886 3612 Odas
906 3528 1030 3608 eadem
1044 3533 1584 3611 methodorelolvitl'othrnr'us.
1634 3535 1672 3608 Si
1687 3537 1878 3638 enimeg.
1964 3547 1965 3616 Ῐ

275 3639 387 3734 imam
406 3635 445 3712 O
474 3661 531 3710 am
551 3635 752 3732 resolveris,
774 3637 828 3710 bis
847 3634 1029 3710 sententiis
1044 3635 1268 3710 continetur:
1296 3632 1444 3732 quidam
1468 3632 1649 3747 agonibus
1663 3633 1881 3737 Olympicis

226 3730 243 3812 'l
283 3734 388 3811 dent:
414 3734 561 3834 quidam
576 3738 804 3852 agriculturae
822 3757 974 3836 operam
988 3731 1225 3833 impendunt:
1252 3733 1401 3829 quidam
1417 3733 1709 3834 navrgationibus
1729 3735 1768 3809 ἃ
1784 3759 1879 3810 mer·

226 3859 357 3913 caturae
373 3834 534 3912 student:
555 3840 702 3934 quidam
716 3835 985 3941 voluptuariam
995 3834 1110 3906 vitam·
1120 3829 1336 3929 sequuntur:
1363 3832 1472 3931 aliqui
1492 3832 1627 3932 militia,
1638 3834 1698 3908 alii
1716 3838 1879 3910 venatio·
1964 3833 1965 3848 ¹

227 3939 333 4013 nibus
349 3935 385 4012 se
400 3957 578 4032 exercent.
629 3933 713 4037 Ego
730 3959 821 4010 vero
839 3936 981 4036 poetica
998 3929 1110 4006 studia
1128 3955 1315 4029 amo,quac
1328 3957 1388 4008 me
1406 3931 1586 4007 celebrem
1607 3932 1775 4009 reddent.
1803 3933 1879 4008 Sin·
1964 3945 1965 4023 l

227 4041 323 4150 gulae
337 4037 520 4114 sententiae
536 4059 712 4112 ornantur
731 4037 837 4110 variis
854 4030 1166 4132 descriptionibus,
1188 4031 1419 4132 Metaphoris
1432 4033 1596 4133 poeticis,
1612 4032 1798 4147 Epithetis
1827 4035 1878 4106 in-

227 4137 401 4242 lrgnibus,
414 4135 684 4212 affumtionibus
701 4134 745 4208 ad
761 4132 949 4232 adjuntlis,
965 4129 1295 4207 enumerationibus
1311 4134 1490 4232 partium3
1517 4149 1626 4228 atque
1648 4153 1694 4207 tta
1714 4153 1795 4207 tota
1811 4131 1878 4205 hu·

221 4237 395 4338 jas-Oua
413 4259 612 4338 compages
630 4233 836 4330 absolvitur,
853 4229 893 4306 ac
909 4229 1055 4306 viderur
1071 4230 1248 4306 Horatius
1272 4253 1386 4308 totam
1408 4231 1502 4306 banc
1520 4225 1649 4310 Odam
1673 4253 1743 4335 pet
1763 4233 1877 4316 imite-

224 4340 367 4450 tiooem
379 4325 606 4439 desumpliffe
625 4361 646 4411 a
662 4335 835 4436 Virgilio,
849 4333 949 4432 cujus
966 4329 1047 4406 sunt
1066 4329 1105 4404 hi
1118 4326 1241 4408 versus
1257 4331 1319 4407 lib.
1340 4359 1373 4414 2.
1395 4330 1540 4435 Georg.

677 4535 850 4608 Sollicitam
861 4536 916 4606 alii
926 4475 1020 4606 remit
1025 4534 1124 4632 freta
1139 4557 1220 4606 caca*
1230 4529 1303 4608 &n

570 4629 573 4638 ’
1650 4629 1877 4734 Exemplum
