<?xml version="1.0" encoding="UTF-8"?>
<!DOCTYPE html PUBLIC "-//W3C//DTD XHTML 1.0 Transitional//EN"
    "http://www.w3.org/TR/xhtml1/DTD/xhtml1-transitional.dtd">
<html xmlns="http://www.w3.org/1999/xhtml" xml:lang="en" lang="en">
 <head>
  <title>
</title>
<meta http-equiv="Content-Type" content="text/html;charset=utf-8" />
  <meta name='ocr-system' content='tesseract 3.04.00' />
  <meta name='ocr-capabilities' content='ocr_page ocr_carea ocr_par ocr_line ocrx_word'/>
</head>
<body>
  <div class='ocr_page' id='page_1' title='image "./polyhistorliter00fabrgoog/polyhistorliter00fabrgoog_0974.png"; bbox 0 0 3894 5226; ppageno 0'>
   <div class='ocr_carea' id='block_1_1' title="bbox 227 219 1726 354">
    <p class='ocr_par' dir='ltr' id='par_1_1' title="bbox 227 219 1726 354">
     <span class='ocr_line' id='line_1_1' title="bbox 227 219 1726 354; baseline 0.008 -36"><span class='ocrx_word' id='word_1_1' title='bbox 227 317 233 331; x_wconf 85' lang='grc'><strong>,</strong></span> <span class='ocrx_word' id='word_1_2' title='bbox 282 241 361 344; x_wconf 78' lang='lat' dir='ltr'>cap.</span> <span class='ocrx_word' id='word_1_3' title='bbox 380 235 481 322; x_wconf 83' lang='lat' dir='ltr'><em>XIV.</em></span> <span class='ocrx_word' id='word_1_4' title='bbox 535 238 612 346; x_wconf 72' lang='lat' dir='ltr'>Qu</span> <span class='ocrx_word' id='word_1_5' title='bbox 635 243 787 322; x_wconf 69' lang='lat' dir='ltr'>Antores</span> <span class='ocrx_word' id='word_1_6' title='bbox 815 238 943 322; x_wconf 70' lang='lat' dir='ltr'>latini</span> <span class='ocrx_word' id='word_1_7' title='bbox 965 243 1109 324; x_wconf 79' lang='lat' dir='ltr'>AEratis</span> <span class='ocrx_word' id='word_1_8' title='bbox 1129 243 1267 322; x_wconf 72' lang='lat' dir='ltr'>lanea</span> <span class='ocrx_word' id='word_1_9' title='bbox 1288 219 1534 354; x_wconf 65' lang='grc' dir='ltr'>νεεενψνιηιν.Ι</span> <span class='ocrx_word' id='word_1_10' title='bbox 1653 273 1726 342; x_wconf 79' lang='lat'>911</span> 
     </span>
    </p>
   </div>
   <div class='ocr_carea' id='block_1_2' title="bbox 49 405 1817 1909">
    <p class='ocr_par' dir='ltr' id='par_1_2' title="bbox 52 405 1723 812">
     <span class='ocr_line' id='line_1_2' title="bbox 55 405 1723 519; baseline 0.004 -35"><span class='ocrx_word' id='word_1_11' title='bbox 55 407 277 513; x_wconf 78' lang='lat' dir='ltr'>tabriglenfi</span> <span class='ocrx_word' id='word_1_12' title='bbox 292 405 394 486; x_wconf 82' lang='lat' dir='ltr'>Anni</span> <span class='ocrx_word' id='word_1_13' title='bbox 412 415 515 498; x_wconf 75' lang='lat'>1685.</span> <span class='ocrx_word' id='word_1_14' title='bbox 532 407 571 484; x_wconf 87' lang='lat' dir='ltr'>in</span> <span class='ocrx_word' id='word_1_15' title='bbox 586 421 617 493; x_wconf 87' lang='lat'>8·</span> <span class='ocrx_word' id='word_1_16' title='bbox 634 432 824 512; x_wconf 80' lang='lat' dir='ltr'>comperet</span> <span class='ocrx_word' id='word_1_17' title='bbox 839 413 949 490; x_wconf 86' lang='lat' dir='ltr'>etiam</span> <span class='ocrx_word' id='word_1_18' title='bbox 962 412 1137 490; x_wconf 73' lang='lat' dir='ltr'>Ladiantii</span> <span class='ocrx_word' id='word_1_19' title='bbox 1149 413 1241 491; x_wconf 86' lang='lat' dir='ltr'>liber</span> <span class='ocrx_word' id='word_1_20' title='bbox 1255 417 1462 491; x_wconf 80' lang='lat' dir='ltr'>deMortibus</span> <span class='ocrx_word' id='word_1_21' title='bbox 1476 419 1723 519; x_wconf 73' lang='lat' dir='ltr'>Persicutorum,</span> 
     </span>
     <span class='ocr_line' id='line_1_3' title="bbox 53 503 1721 618; baseline 0.01 -34"><span class='ocrx_word' id='word_1_22' title='bbox 53 511 223 612; x_wconf 82' lang='lat' dir='ltr'>exiguus</span> <span class='ocrx_word' id='word_1_23' title='bbox 239 508 391 607; x_wconf 91' lang='lat' dir='ltr'>quidem</span> <span class='ocrx_word' id='word_1_24' title='bbox 407 507 478 606; x_wconf 92' lang='lat' dir='ltr'>ille,</span> <span class='ocrx_word' id='word_1_25' title='bbox 494 503 648 584; x_wconf 80' lang='lat' dir='ltr'>sedulus</span> <span class='ocrx_word' id='word_1_26' title='bbox 662 513 828 586; x_wconf 86' lang='lat' dir='ltr'>maxitni:</span> <span class='ocrx_word' id='word_1_27' title='bbox 853 536 966 608; x_wconf 90' lang='lat' dir='ltr'>quem</span> <span class='ocrx_word' id='word_1_28' title='bbox 980 515 1122 614; x_wconf 89' lang='lat' dir='ltr'>primus</span> <span class='ocrx_word' id='word_1_29' title='bbox 1142 537 1163 588; x_wconf 91' lang='lat' dir='ltr'>e</span> <span class='ocrx_word' id='word_1_30' title='bbox 1178 512 1397 593; x_wconf 88' lang='lat' dir='ltr'>Colbertino</span> <span class='ocrx_word' id='word_1_31' title='bbox 1413 516 1540 594; x_wconf 84' lang='lat' dir='ltr'>codice</span> <span class='ocrx_word' id='word_1_32' title='bbox 1557 517 1721 618; x_wconf 83' lang='lat' dir='ltr'>quodam</span> 
     </span>
     <span class='ocr_line' id='line_1_4' title="bbox 53 607 1722 718; baseline 0.008 -34"><span class='ocrx_word' id='word_1_33' title='bbox 53 611 173 706; x_wconf 89' lang='lat' dir='ltr'>eruit,</span> <span class='ocrx_word' id='word_1_34' title='bbox 189 608 227 684; x_wconf 76' lang='lat' dir='ltr'>dr</span> <span class='ocrx_word' id='word_1_35' title='bbox 240 607 555 686; x_wconf 87' lang='lat' dir='ltr'>Miscellaueorum</span> <span class='ocrx_word' id='word_1_36' title='bbox 570 607 683 684; x_wconf 88' lang='lat' dir='ltr'>Tom.</span> <span class='ocrx_word' id='word_1_37' title='bbox 693 607 737 683; x_wconf 90' lang='lat' dir='ltr'>II.</span> <span class='ocrx_word' id='word_1_38' title='bbox 755 608 861 686; x_wconf 72' lang='lat' dir='ltr'>Parii</span> <span class='ocrx_word' id='word_1_39' title='bbox 873 610 922 686; x_wconf 82' lang='lat' dir='ltr'>A.</span> <span class='ocrx_word' id='word_1_40' title='bbox 936 626 1041 702; x_wconf 85' lang='lat'><strong>1679.</strong></span> <span class='ocrx_word' id='word_1_41' title='bbox 1063 611 1212 690; x_wconf 87' lang='lat' dir='ltr'>inseruit</span> <span class='ocrx_word' id='word_1_42' title='bbox 1253 614 1379 718; x_wconf 89' lang='lat' dir='ltr'>Steph.</span> <span class='ocrx_word' id='word_1_43' title='bbox 1395 613 1584 716; x_wconf 73' lang='lat' dir='ltr'>BaluziuS,</span> <span class='ocrx_word' id='word_1_44' title='bbox 1621 620 1722 698; x_wconf 86' lang='lat' dir='ltr'>notia</span> 
     </span>
     <span class='ocr_line' id='line_1_5' title="bbox 52 673 1719 812; baseline 0.007 -28"><span class='ocrx_word' id='word_1_45' title='bbox 52 705 279 784; x_wconf 71' lang='lat' dir='ltr'>dostiffimis</span> <span class='ocrx_word' id='word_1_46' title='bbox 296 703 525 785; x_wconf 84' lang='lat' dir='ltr'>illulhatum:</span> <span class='ocrx_word' id='word_1_47' title='bbox 551 707 637 782; x_wconf 89' lang='lat' dir='ltr'>inde</span> <span class='ocrx_word' id='word_1_48' title='bbox 655 709 763 786; x_wconf 86' lang='lat' dir='ltr'>variis</span> <span class='ocrx_word' id='word_1_49' title='bbox 778 710 957 786; x_wconf 89' lang='lat' dir='ltr'>Virorum</span> <span class='ocrx_word' id='word_1_50' title='bbox 972 711 1170 788; x_wconf 71' lang='lat' dir='ltr'>dodiorum</span> <span class='ocrx_word' id='word_1_51' title='bbox 1188 673 1501 790; x_wconf 88' lang='lat' dir='ltr'>observationibus</span> <span class='ocrx_word' id='word_1_52' title='bbox 1524 719 1633 812; x_wconf 83' lang='lat' dir='ltr'>atque</span> <span class='ocrx_word' id='word_1_53' title='bbox 1652 743 1719 796; x_wconf 92' lang='lat' dir='ltr'>no·</span> 
     </span>
    </p>

    <p class='ocr_par' dir='ltr' id='par_1_3' title="bbox 52 805 1717 912">
     <span class='ocr_line' id='line_1_6' title="bbox 52 805 1717 912; baseline 0.003 -29"><span class='ocrx_word' id='word_1_54' title='bbox 52 811 108 884; x_wconf 88' lang='lat' dir='ltr'>tis</span> <span class='ocrx_word' id='word_1_55' title='bbox 127 805 298 882; x_wconf 88' lang='lat' dir='ltr'>illustrior</span> <span class='ocrx_word' id='word_1_56' title='bbox 314 805 478 882; x_wconf 83' lang='lat' dir='ltr'>redditus</span> <span class='ocrx_word' id='word_1_57' title='bbox 492 806 551 881; x_wconf 92' lang='lat' dir='ltr'>ille</span> <span class='ocrx_word' id='word_1_58' title='bbox 563 805 704 882; x_wconf 86' lang='lat' dir='ltr'>libellus</span> <span class='ocrx_word' id='word_1_59' title='bbox 717 805 781 906; x_wconf 91' lang='lat' dir='ltr'>est,</span> <span class='ocrx_word' id='word_1_60' title='bbox 795 806 961 886; x_wconf 89' lang='lat' dir='ltr'>Gisbetti</span> <span class='ocrx_word' id='word_1_61' title='bbox 977 809 1129 911; x_wconf 90' lang='lat' dir='ltr'>Cuperi,</span> <span class='ocrx_word' id='word_1_62' title='bbox 1147 810 1230 903; x_wconf 89' lang='lat' dir='ltr'>Joh.</span> <span class='ocrx_word' id='word_1_63' title='bbox 1250 810 1438 912; x_wconf 91' lang='lat' dir='ltr'>Columbi,</span> <span class='ocrx_word' id='word_1_64' title='bbox 1459 813 1544 888; x_wconf 89' lang='lat' dir='ltr'>Nic.</span> <span class='ocrx_word' id='word_1_65' title='bbox 1559 811 1717 902; x_wconf 70' lang='lat' dir='ltr'>Toinar-</span> 
     </span>
    </p>

    <p class='ocr_par' dir='ltr' id='par_1_4' title="bbox 51 903 1717 1016">
     <span class='ocr_line' id='line_1_7' title="bbox 51 903 1717 1016; baseline 0.005 -34"><span class='ocrx_word' id='word_1_66' title='bbox 51 906 122 982; x_wconf 86' lang='lat' dir='ltr'>di:</span> <span class='ocrx_word' id='word_1_67' title='bbox 150 903 288 982; x_wconf 86' lang='lat' dir='ltr'>Gallica</span> <span class='ocrx_word' id='word_1_68' title='bbox 303 907 409 980; x_wconf 90' lang='lat' dir='ltr'>etiam</span> <span class='ocrx_word' id='word_1_69' title='bbox 422 905 656 1003; x_wconf 88' lang='lat' dir='ltr'>Maucroixii,</span> <span class='ocrx_word' id='word_1_70' title='bbox 669 928 778 1003; x_wconf 89' lang='lat' dir='ltr'>atque</span> <span class='ocrx_word' id='word_1_71' title='bbox 792 906 947 1016; x_wconf 55' lang='lat' dir='ltr'>anglica</span> <span class='ocrx_word' id='word_1_72' title='bbox 964 907 1063 985; x_wconf 92' lang='lat' dir='ltr'>Gilb.</span> <span class='ocrx_word' id='word_1_73' title='bbox 1078 909 1241 1010; x_wconf 88' lang='lat' dir='ltr'>Burneti,</span> <span class='ocrx_word' id='word_1_74' title='bbox 1252 908 1418 986; x_wconf 80' lang='lat' dir='ltr'>versione</span> <span class='ocrx_word' id='word_1_75' title='bbox 1433 910 1596 988; x_wconf 89' lang='lat' dir='ltr'>donatus.</span> <span class='ocrx_word' id='word_1_76' title='bbox 1619 911 1676 1008; x_wconf 87' lang='lat' dir='ltr'>(N</span> <span class='ocrx_word' id='word_1_77' title='bbox 1677 938 1717 990; x_wconf 84' lang='lat' dir='ltr'>o·</span> 
     </span>
    </p>

    <p class='ocr_par' dir='ltr' id='par_1_5' title="bbox 51 1003 1749 1206">
     <span class='ocr_line' id='line_1_8' title="bbox 52 1003 1749 1112; baseline 0.001 -28"><span class='ocrx_word' id='word_1_78' title='bbox 52 1027 117 1084; x_wconf 85' lang='lat' dir='ltr'>tas</span> <span class='ocrx_word' id='word_1_79' title='bbox 137 1006 306 1082; x_wconf 89' lang='lat' dir='ltr'>omnium</span> <span class='ocrx_word' id='word_1_80' title='bbox 319 1003 479 1106; x_wconf 84' lang='lat' dir='ltr'>collegit,</span> <span class='ocrx_word' id='word_1_81' title='bbox 494 1005 531 1080; x_wconf 73' lang='grc' dir='ltr'>ἃ</span> <span class='ocrx_word' id='word_1_82' title='bbox 544 1004 708 1083; x_wconf 91' lang='lat' dir='ltr'>secundis</span> <span class='ocrx_word' id='word_1_83' title='bbox 724 1006 819 1082; x_wconf 90' lang='lat' dir='ltr'>cutis</span> <span class='ocrx_word' id='word_1_84' title='bbox 835 1005 1013 1083; x_wconf 66' lang='lat' dir='ltr'>audiotes</span> <span class='ocrx_word' id='word_1_85' title='bbox 1034 1007 1151 1083; x_wconf 88' lang='lat' dir='ltr'>multo</span> <span class='ocrx_word' id='word_1_86' title='bbox 1166 1007 1383 1108; x_wconf 87' lang='lat' dir='ltr'>Baluzianas,</span> <span class='ocrx_word' id='word_1_87' title='bbox 1400 1034 1478 1086; x_wconf 89' lang='lat' dir='ltr'>non</span> <span class='ocrx_word' id='word_1_88' title='bbox 1503 1009 1646 1112; x_wconf 87' lang='lat' dir='ltr'>Cuperi</span> <span class='ocrx_word' id='word_1_89' title='bbox 1661 1009 1716 1086; x_wconf 89' lang='lat' dir='ltr'>so·</span> <span class='ocrx_word' id='word_1_90' title='bbox 1739 1043 1749 1056; x_wconf 86' lang='lat'><strong>·</strong></span> 
     </span>
     <span class='ocr_line' id='line_1_9' title="bbox 51 1098 1700 1206; baseline 0.001 -24"><span class='ocrx_word' id='word_1_91' title='bbox 51 1109 156 1206; x_wconf 93' lang='lat' dir='ltr'>lum,</span> <span class='ocrx_word' id='word_1_92' title='bbox 172 1102 348 1182; x_wconf 93' lang='lat' dir='ltr'>Columbi</span> <span class='ocrx_word' id='word_1_93' title='bbox 361 1125 470 1202; x_wconf 91' lang='lat' dir='ltr'>atque</span> <span class='ocrx_word' id='word_1_94' title='bbox 486 1102 680 1201; x_wconf 82' lang='lat' dir='ltr'>Tainardi,</span> <span class='ocrx_word' id='word_1_95' title='bbox 691 1098 761 1178; x_wconf 58' lang='lat' dir='ltr'>‘sed</span> <span class='ocrx_word' id='word_1_96' title='bbox 779 1105 857 1198; x_wconf 84' lang='lat' dir='ltr'>&amp;J.</span> <span class='ocrx_word' id='word_1_97' title='bbox 873 1105 922 1180; x_wconf 90' lang='lat' dir='ltr'>G.</span> <span class='ocrx_word' id='word_1_98' title='bbox 937 1105 1092 1204; x_wconf 83' lang='lat' dir='ltr'>Graevii,</span> <span class='ocrx_word' id='word_1_99' title='bbox 1110 1105 1199 1182; x_wconf 83' lang='lat' dir='ltr'>Eliae</span> <span class='ocrx_word' id='word_1_100' title='bbox 1216 1107 1413 1206; x_wconf 90' lang='lat' dir='ltr'>Boherelli,</span> <span class='ocrx_word' id='word_1_101' title='bbox 1429 1109 1570 1187; x_wconf 92' lang='lat' dir='ltr'>Thom.</span> <span class='ocrx_word' id='word_1_102' title='bbox 1594 1108 1700 1185; x_wconf 83' lang='lat' dir='ltr'>Galei</span> 
     </span>
    </p>

    <p class='ocr_par' dir='ltr' id='par_1_6' title="bbox 49 1201 1817 1909">
     <span class='ocr_line' id='line_1_10' title="bbox 50 1201 1715 1305; baseline 0.001 -23"><span class='ocrx_word' id='word_1_103' title='bbox 50 1209 136 1304; x_wconf 61' lang='lat' dir='ltr'>Jac„</span> <span class='ocrx_word' id='word_1_104' title='bbox 151 1205 277 1302; x_wconf 90' lang='lat' dir='ltr'>Tollii,</span> <span class='ocrx_word' id='word_1_105' title='bbox 291 1202 446 1300; x_wconf 86' lang='lat' dir='ltr'>suisque,</span> <span class='ocrx_word' id='word_1_106' title='bbox 459 1202 581 1302; x_wconf 88' lang='lat' dir='ltr'>junxit</span> <span class='ocrx_word' id='word_1_107' title='bbox 599 1202 727 1278; x_wconf 88' lang='lat' dir='ltr'>Paulus</span> <span class='ocrx_word' id='word_1_108' title='bbox 746 1201 904 1302; x_wconf 89' lang='lat' dir='ltr'>Bauldti,</span> <span class='ocrx_word' id='word_1_109' title='bbox 920 1204 1048 1305; x_wconf 89' lang='lat' dir='ltr'>Ultraj.</span> <span class='ocrx_word' id='word_1_110' title='bbox 1061 1208 1106 1280; x_wconf 86' lang='lat' dir='ltr'>A.</span> <span class='ocrx_word' id='word_1_111' title='bbox 1122 1218 1225 1292; x_wconf 84' lang='lat'>1692.</span> <span class='ocrx_word' id='word_1_112' title='bbox 1243 1209 1280 1282; x_wconf 92' lang='lat' dir='ltr'>in</span> <span class='ocrx_word' id='word_1_113' title='bbox 1296 1223 1330 1296; x_wconf 84' lang='lat'>8.</span> <span class='ocrx_word' id='word_1_114' title='bbox 1355 1206 1490 1304; x_wconf 76' lang='lat' dir='ltr'>adjedia</span> <span class='ocrx_word' id='word_1_115' title='bbox 1512 1211 1620 1286; x_wconf 89' lang='lat' dir='ltr'>etiam</span> <span class='ocrx_word' id='word_1_116' title='bbox 1636 1206 1683 1284; x_wconf 89' lang='lat' dir='ltr'>D·</span> <span class='ocrx_word' id='word_1_117' title='bbox 1701 1251 1715 1267; x_wconf 92' lang='lat'><em>-</em></span> 
     </span>
     <span class='ocr_line' id='line_1_11' title="bbox 50 1300 1727 1407; baseline 0.001 -23"><span class='ocrx_word' id='word_1_118' title='bbox 50 1305 257 1384; x_wconf 88' lang='lat' dir='ltr'>sertatione</span> <span class='ocrx_word' id='word_1_119' title='bbox 269 1302 385 1378; x_wconf 88' lang='lat' dir='ltr'>Henr.</span> <span class='ocrx_word' id='word_1_120' title='bbox 401 1300 599 1400; x_wconf 88' lang='lat' dir='ltr'>Dodwelli,</span> <span class='ocrx_word' id='word_1_121' title='bbox 643 1301 681 1377; x_wconf 75' lang='grc' dir='ltr'>ὃ(</span> <span class='ocrx_word' id='word_1_122' title='bbox 692 1300 846 1378; x_wconf 75' lang='lat' dir='ltr'>&#39;Theod</span> <span class='ocrx_word' id='word_1_123' title='bbox 869 1304 1032 1382; x_wconf 89' lang='lat' dir='ltr'>Ruinarti</span> <span class='ocrx_word' id='word_1_124' title='bbox 1083 1303 1271 1382; x_wconf 82' lang='lat' dir='ltr'>raefatione</span> <span class='ocrx_word' id='word_1_125' title='bbox 1292 1305 1337 1381; x_wconf 91' lang='lat' dir='ltr'>ad</span> <span class='ocrx_word' id='word_1_126' title='bbox 1367 1305 1460 1382; x_wconf 72' lang='lat' dir='ltr'>Asta</span> <span class='ocrx_word' id='word_1_127' title='bbox 1481 1307 1727 1407; x_wconf 73' lang='lat' dir='ltr'>Martyrum:v</span> 
     </span>
     <span class='ocr_line' id='line_1_12' title="bbox 49 1330 1817 1603; baseline -0.004 -21"><span class='ocrx_word' id='word_1_128' title='bbox 49 1425 304 1582; x_wconf 66' lang='lat' dir='ltr'>artur</span> <span class='ocrx_word' id='word_1_129' title='bbox 319 1399 768 1576; x_wconf 66' lang='lat' dir='ltr'>armilata</span> <span class='ocrx_word' id='word_1_130' title='bbox 786 1330 1643 1598; x_wconf 59' lang='lat' dir='ltr'>aartallartttrarraalar</span> <span class='ocrx_word' id='word_1_131' title='bbox 1660 1431 1714 1603; x_wconf 69' lang='lat' dir='ltr'>a·</span> <span class='ocrx_word' id='word_1_132' title='bbox 1814 1423 1817 1432; x_wconf 77' lang='grc'>’</span> 
     </span>
     <span class='ocr_line' id='line_1_13' title="bbox 50 1505 1712 1700; baseline -0.005 -16"><span class='ocrx_word' id='word_1_133' title='bbox 50 1528 418 1700; x_wconf 60' lang='lat' dir='ltr'>Pbbbddquaedam</span> <span class='ocrx_word' id='word_1_134' title='bbox 440 1597 486 1672; x_wconf 92' lang='lat' dir='ltr'>de</span> <span class='ocrx_word' id='word_1_135' title='bbox 503 1597 682 1698; x_wconf 89' lang='lat' dir='ltr'>Paschate,</span> <span class='ocrx_word' id='word_1_136' title='bbox 703 1597 750 1672; x_wconf 92' lang='lat' dir='ltr'>de</span> <span class='ocrx_word' id='word_1_137' title='bbox 811 1595 1065 1694; x_wconf 73' lang='lat' dir='ltr'>esurrettione,</span> <span class='ocrx_word' id='word_1_138' title='bbox 1104 1598 1151 1674; x_wconf 91' lang='lat' dir='ltr'>de</span> <span class='ocrx_word' id='word_1_139' title='bbox 1173 1599 1335 1676; x_wconf 85' lang='lat' dir='ltr'>Paffione</span> <span class='ocrx_word' id='word_1_140' title='bbox 1356 1560 1521 1700; x_wconf 79' lang='lat' dir='ltr'>Domini,</span> <span class='ocrx_word' id='word_1_141' title='bbox 1544 1600 1631 1676; x_wconf 88' lang='lat' dir='ltr'>falso</span> <span class='ocrx_word' id='word_1_142' title='bbox 1646 1505 1712 1676; x_wconf 76' lang='lat' dir='ltr'>ba·</span> 
     </span>
     <span class='ocr_line' id='line_1_14' title="bbox 54 1695 1711 1797; baseline -0.005 -13"><span class='ocrx_word' id='word_1_143' title='bbox 54 1705 203 1784; x_wconf 72' lang='lat' dir='ltr'>clantio</span> <span class='ocrx_word' id='word_1_144' title='bbox 218 1699 368 1778; x_wconf 83' lang='lat' dir='ltr'><strong>adscribi</strong></span> <span class='ocrx_word' id='word_1_145' title='bbox 393 1721 504 1796; x_wconf 89' lang='lat' dir='ltr'>nemo</span> <span class='ocrx_word' id='word_1_146' title='bbox 522 1695 680 1792; x_wconf 83' lang='lat' dir='ltr'>dubitat3</span> <span class='ocrx_word' id='word_1_147' title='bbox 705 1717 746 1773; x_wconf 93' lang='lat' dir='ltr'>ut</span> <span class='ocrx_word' id='word_1_148' title='bbox 766 1719 910 1772; x_wconf 87' lang='lat' dir='ltr'>carmen</span> <span class='ocrx_word' id='word_1_149' title='bbox 925 1696 971 1772; x_wconf 91' lang='lat' dir='ltr'>de</span> <span class='ocrx_word' id='word_1_150' title='bbox 985 1697 1171 1797; x_wconf 68' lang='lat' dir='ltr'>Phoenice,</span> <span class='ocrx_word' id='word_1_151' title='bbox 1187 1698 1225 1773; x_wconf 75' lang='grc' dir='ltr'>ἃ</span> <span class='ocrx_word' id='word_1_152' title='bbox 1238 1695 1393 1774; x_wconf 71' lang='lat' dir='ltr'>Ludatii</span> <span class='ocrx_word' id='word_1_153' title='bbox 1405 1701 1711 1776; x_wconf 86' lang='lat' dir='ltr'>commentarium</span> 
     </span>
     <span class='ocr_line' id='line_1_15' title="bbox 52 1795 1712 1909; baseline -0.006 -25"><span class='ocrx_word' id='word_1_154' title='bbox 52 1810 99 1884; x_wconf 88' lang='lat' dir='ltr'>in</span> <span class='ocrx_word' id='word_1_155' title='bbox 113 1805 298 1901; x_wconf 88' lang='lat' dir='ltr'>Tacitum,</span> <span class='ocrx_word' id='word_1_156' title='bbox 317 1825 395 1876; x_wconf 88' lang='lat' dir='ltr'>non</span> <span class='ocrx_word' id='word_1_157' title='bbox 410 1797 546 1874; x_wconf 83' lang='lat' dir='ltr'>dicam:</span> <span class='ocrx_word' id='word_1_158' title='bbox 572 1796 687 1874; x_wconf 90' lang='lat' dir='ltr'>notha</span> <span class='ocrx_word' id='word_1_159' title='bbox 701 1797 836 1895; x_wconf 87' lang='lat' dir='ltr'>omnia,</span> <span class='ocrx_word' id='word_1_160' title='bbox 856 1795 931 1872; x_wconf 90' lang='lat' dir='ltr'>vid.</span> <span class='ocrx_word' id='word_1_161' title='bbox 956 1818 1092 1898; x_wconf 84' lang='lat' dir='ltr'>praeter</span> <span class='ocrx_word' id='word_1_162' title='bbox 1120 1797 1209 1874; x_wconf 81' lang='lat' dir='ltr'>alios</span> <span class='ocrx_word' id='word_1_163' title='bbox 1228 1799 1451 1900; x_wconf 80' lang='lat' dir='ltr'>complures,</span> <span class='ocrx_word' id='word_1_164' title='bbox 1491 1797 1649 1898; x_wconf 86' lang='lat' dir='ltr'>Placcius¹</span> <span class='ocrx_word' id='word_1_165' title='bbox 1664 1797 1712 1909; x_wconf 79' lang='lat' dir='ltr'>do</span> 
     </span>
    </p>
   </div>
   <div class='ocr_carea' id='block_1_3' title="bbox 49 1897 1779 2099">
    <p class='ocr_par' dir='ltr' id='par_1_7' title="bbox 49 1897 1779 2099">
     <span class='ocr_line' id='line_1_16' title="bbox 49 1897 1779 2004; baseline -0.034 -21"><span class='ocrx_word' id='word_1_166' title='bbox 49 1901 240 1982; x_wconf 88' lang='lat' dir='ltr'>Pseudon.</span> <span class='ocrx_word' id='word_1_167' title='bbox 256 1929 292 2003; x_wconf 88' lang='lat' dir='ltr'>p.</span> <span class='ocrx_word' id='word_1_168' title='bbox 309 1907 391 1977; x_wconf 87' lang='lat'>216.</span> <span class='ocrx_word' id='word_1_169' title='bbox 416 1897 499 1997; x_wconf 80' lang='lat' dir='ltr'>(uu).</span> <span class='ocrx_word' id='word_1_170' title='bbox 1118 1985 1122 1992; x_wconf 17' lang='grc' dir='ltr'><strong>ν</strong></span> <span class='ocrx_word' id='word_1_171' title='bbox 1775 1997 1779 2004; x_wconf 14' lang='grc' dir='ltr'>ι</span> 
     </span>
     <span class='ocr_line' id='line_1_17' title="bbox 178 1993 1776 2099; baseline -0.002 -21"><span class='ocrx_word' id='word_1_172' title='bbox 178 2001 323 2078; x_wconf 85' lang='lat' dir='ltr'>incedat</span> <span class='ocrx_word' id='word_1_173' title='bbox 342 2023 439 2074; x_wconf 89' lang='lat' dir='ltr'>nunc</span> <span class='ocrx_word' id='word_1_174' title='bbox 454 1997 577 2099; x_wconf 86' lang='lat' dir='ltr'>gravis</span> <span class='ocrx_word' id='word_1_175' title='bbox 591 1993 815 2095; x_wconf 88' lang='lat' dir='ltr'>Historicus,</span> <span class='ocrx_word' id='word_1_176' title='bbox 846 1995 1134 2073; x_wconf 86' lang='lat' dir='ltr'>AMMIANUS</span> <span class='ocrx_word' id='word_1_177' title='bbox 1163 1995 1558 2098; x_wconf 84' lang='lat' dir='ltr'>MARCELLINUS,</span> <span class='ocrx_word' id='word_1_178' title='bbox 1590 2000 1711 2077; x_wconf 90' lang='lat' dir='ltr'>homo</span> <span class='ocrx_word' id='word_1_179' title='bbox 1722 2009 1776 2077; x_wconf 69' lang='lat'>,12</span> 
     </span>
    </p>
   </div>
   <div class='ocr_carea' id='block_1_4' title="bbox 11 2093 1945 3656">
    <p class='ocr_par' dir='ltr' id='par_1_8' title="bbox 51 2093 1712 2198">
     <span class='ocr_line' id='line_1_18' title="bbox 51 2093 1712 2198; baseline -0.004 -15"><span class='ocrx_word' id='word_1_180' title='bbox 51 2104 212 2183; x_wconf 90' lang='lat' dir='ltr'>natione</span> <span class='ocrx_word' id='word_1_181' title='bbox 227 2101 392 2196; x_wconf 79' lang='lat' dir='ltr'>Graecus,</span> <span class='ocrx_word' id='word_1_182' title='bbox 408 2096 446 2172; x_wconf 73' lang='lat' dir='ltr'>dr</span> <span class='ocrx_word' id='word_1_183' title='bbox 460 2095 574 2195; x_wconf 88' lang='lat' dir='ltr'>miles,</span> <span class='ocrx_word' id='word_1_184' title='bbox 590 2095 629 2171; x_wconf 78' lang='lat' dir='ltr'>dr</span> <span class='ocrx_word' id='word_1_185' title='bbox 644 2096 891 2198; x_wconf 85' lang='lat' dir='ltr'>gentilium-su</span> <span class='ocrx_word' id='word_1_186' title='bbox 922 2093 1099 2171; x_wconf 88' lang='lat' dir='ltr'>erstitioni</span> <span class='ocrx_word' id='word_1_187' title='bbox 1117 2095 1299 2172; x_wconf 70' lang='lat' dir='ltr'>addidius:</span> <span class='ocrx_word' id='word_1_188' title='bbox 1324 2094 1386 2173; x_wconf 73' lang='lat' dir='ltr'>std</span> <span class='ocrx_word' id='word_1_189' title='bbox 1401 2101 1464 2195; x_wconf 93' lang='lat' dir='ltr'>qui</span> <span class='ocrx_word' id='word_1_190' title='bbox 1479 2099 1621 2198; x_wconf 88' lang='lat' dir='ltr'>optima</span> <span class='ocrx_word' id='word_1_191' title='bbox 1636 2095 1712 2176; x_wconf 89' lang='lat' dir='ltr'>fide</span> 
     </span>
    </p>

    <p class='ocr_par' dir='ltr' id='par_1_9' title="bbox 50 2193 1712 2298">
     <span class='ocr_line' id='line_1_19' title="bbox 50 2193 1712 2298; baseline -0.005 -16"><span class='ocrx_word' id='word_1_192' title='bbox 50 2230 120 2282; x_wconf 86' lang='lat' dir='ltr'>res</span> <span class='ocrx_word' id='word_1_193' title='bbox 173 2198 258 2276; x_wconf 89' lang='lat' dir='ltr'>estas</span> <span class='ocrx_word' id='word_1_194' title='bbox 265 2197 528 2273; x_wconf 72' lang='lat' dir='ltr'>‘Romanorum</span> <span class='ocrx_word' id='word_1_195' title='bbox 542 2195 824 2295; x_wconf 87' lang='lat' dir='ltr'>Imperatorum,</span> <span class='ocrx_word' id='word_1_196' title='bbox 839 2197 875 2296; x_wconf 86' lang='lat' dir='ltr'>in</span> <span class='ocrx_word' id='word_1_197' title='bbox 904 2218 923 2271; x_wconf 88' lang='lat' dir='ltr'>e</span> <span class='ocrx_word' id='word_1_198' title='bbox 941 2218 961 2268; x_wconf 82' lang='lat' dir='ltr'>a</span> <span class='ocrx_word' id='word_1_199' title='bbox 976 2193 1106 2271; x_wconf 85' lang='lat' dir='ltr'>Nerva</span> <span class='ocrx_word' id='word_1_200' title='bbox 1124 2219 1238 2295; x_wconf 89' lang='lat' dir='ltr'>usque</span> <span class='ocrx_word' id='word_1_201' title='bbox 1264 2193 1310 2272; x_wconf 86' lang='lat' dir='ltr'>ad</span> <span class='ocrx_word' id='word_1_202' title='bbox 1326 2197 1491 2272; x_wconf 82' lang='lat' dir='ltr'>Valentis</span> <span class='ocrx_word' id='word_1_203' title='bbox 1513 2200 1712 2298; x_wconf 87' lang='lat' dir='ltr'>interimm‚</span> 
     </span>
    </p>

    <p class='ocr_par' dir='ltr' id='par_1_10' title="bbox 50 2293 1713 2396">
     <span class='ocr_line' id='line_1_20' title="bbox 50 2293 1713 2396; baseline -0.001 -24"><span class='ocrx_word' id='word_1_204' title='bbox 50 2306 89 2380; x_wconf 89' lang='grc' dir='ltr'>Χ</span> <span class='ocrx_word' id='word_1_205' title='bbox 185 2298 321 2396; x_wconf 89' lang='lat' dir='ltr'>.libris,</span> <span class='ocrx_word' id='word_1_206' title='bbox 335 2320 497 2395; x_wconf 93' lang='lat' dir='ltr'>quorum</span> <span class='ocrx_word' id='word_1_207' title='bbox 510 2295 605 2370; x_wconf 91' lang='lat' dir='ltr'><strong>XIII.</strong></span> <span class='ocrx_word' id='word_1_208' title='bbox 621 2315 742 2370; x_wconf 90' lang='lat' dir='ltr'>tamen</span> <span class='ocrx_word' id='word_1_209' title='bbox 757 2295 869 2396; x_wconf 90' lang='lat' dir='ltr'>primi</span> <span class='ocrx_word' id='word_1_210' title='bbox 883 2295 996 2396; x_wconf 89' lang='lat' dir='ltr'>primi</span> <span class='ocrx_word' id='word_1_211' title='bbox 1014 2296 1167 2396; x_wconf 88' lang='lat' dir='ltr'>periere,</span> <span class='ocrx_word' id='word_1_212' title='bbox 1201 2293 1403 2396; x_wconf 80' lang='lat' dir='ltr'>descripsit:</span> <span class='ocrx_word' id='word_1_213' title='bbox 1428 2295 1617 2373; x_wconf 75' lang='lat' dir='ltr'>Latinitate</span> <span class='ocrx_word' id='word_1_214' title='bbox 1641 2299 1713 2396; x_wconf 89' lang='lat' dir='ltr'>tali,</span> 
     </span>
    </p>

    <p class='ocr_par' dir='ltr' id='par_1_11' title="bbox 50 2393 1715 2504">
     <span class='ocr_line' id='line_1_21' title="bbox 50 2393 1715 2504; baseline -0.005 -25"><span class='ocrx_word' id='word_1_215' title='bbox 50 2425 149 2504; x_wconf 82' lang='lat' dir='ltr'>quae</span> <span class='ocrx_word' id='word_1_216' title='bbox 162 2395 347 2502; x_wconf 69' lang='lat' dir='ltr'>expediari</span> <span class='ocrx_word' id='word_1_217' title='bbox 360 2422 380 2471; x_wconf 93' lang='lat' dir='ltr'>a</span> <span class='ocrx_word' id='word_1_218' title='bbox 394 2395 453 2471; x_wconf 84' lang='lat' dir='ltr'>tali</span> <span class='ocrx_word' id='word_1_219' title='bbox 471 2395 635 2493; x_wconf 88' lang='lat' dir='ltr'>homine,</span> <span class='ocrx_word' id='word_1_220' title='bbox 651 2415 760 2490; x_wconf 87' lang='lat' dir='ltr'>atque</span> <span class='ocrx_word' id='word_1_221' title='bbox 777 2416 822 2468; x_wconf 93' lang='lat' dir='ltr'>eo</span> <span class='ocrx_word' id='word_1_222' title='bbox 841 2416 1022 2494; x_wconf 88' lang='lat' dir='ltr'>tempore,</span> <span class='ocrx_word' id='word_1_223' title='bbox 1050 2413 1195 2494; x_wconf 88' lang='lat' dir='ltr'>poterat</span> <span class='ocrx_word' id='word_1_224' title='bbox 1271 2393 1449 2494; x_wconf 90' lang='lat' dir='ltr'>Gaddius,</span> <span class='ocrx_word' id='word_1_225' title='bbox 1461 2393 1510 2469; x_wconf 90' lang='lat' dir='ltr'>T.</span> <span class='ocrx_word' id='word_1_226' title='bbox 1521 2394 1548 2469; x_wconf 91' lang='lat'>1.</span> <span class='ocrx_word' id='word_1_227' title='bbox 1564 2395 1611 2470; x_wconf 91' lang='lat' dir='ltr'>de</span> <span class='ocrx_word' id='word_1_228' title='bbox 1623 2396 1715 2472; x_wconf 88' lang='lat' dir='ltr'>Scri·</span> 
     </span>
    </p>

    <p class='ocr_par' dir='ltr' id='par_1_12' title="bbox 51 2489 1713 2664">
     <span class='ocr_line' id='line_1_22' title="bbox 51 2489 1713 2664; baseline -0.004 -85"><span class='ocrx_word' id='word_1_229' title='bbox 51 2526 133 2580; x_wconf 89' lang='lat' dir='ltr'>tor.</span> <span class='ocrx_word' id='word_1_230' title='bbox 156 2526 192 2601; x_wconf 91' lang='lat' dir='ltr'>p.</span> <span class='ocrx_word' id='word_1_231' title='bbox 208 2523 266 2590; x_wconf 84' lang='lat'>27.</span> <span class='ocrx_word' id='word_1_232' title='bbox 279 2495 414 2596; x_wconf 85' lang='lat' dir='ltr'>stylum</span> <span class='ocrx_word' id='word_1_233' title='bbox 429 2495 504 2592; x_wconf 86' lang='lat' dir='ltr'>ejus</span> <span class='ocrx_word' id='word_1_234' title='bbox 521 2491 589 2565; x_wconf 84' lang='lat' dir='ltr'>effe</span> <span class='ocrx_word' id='word_1_235' title='bbox 600 2495 801 2606; x_wconf 71' lang='lat' dir='ltr'>poeticum</span> <span class='ocrx_word' id='word_1_236' title='bbox 816 2489 1012 2604; x_wconf 80' lang='lat' dir='ltr'>dicendum</span> <span class='ocrx_word' id='word_1_237' title='bbox 1025 2515 1145 2591; x_wconf 87' lang='lat' dir='ltr'>putat:</span> <span class='ocrx_word' id='word_1_238' title='bbox 1170 2493 1232 2568; x_wconf 86' lang='lat' dir='ltr'>sed</span> <span class='ocrx_word' id='word_1_239' title='bbox 1251 2491 1302 2568; x_wconf 87' lang='lat' dir='ltr'>est</span> <span class='ocrx_word' id='word_1_240' title='bbox 1317 2496 1442 2592; x_wconf 89' lang='lat' dir='ltr'>potius</span> <span class='ocrx_word' id='word_1_241' title='bbox 1442 2553 1472 2664; x_wconf 46' lang='grc' dir='ltr'><strong>ᾗ</strong></span> <span class='ocrx_word' id='word_1_242' title='bbox 1483 2497 1713 2610; x_wconf 72' lang='lat' dir='ltr'>prqratione</span> 
     </span>
    </p>

    <p class='ocr_par' dir='ltr' id='par_1_13' title="bbox 51 2587 1945 2792">
     <span class='ocr_line' id='line_1_23' title="bbox 51 2587 1945 2792; baseline -0.008 -14"><span class='ocrx_word' id='word_1_243' title='bbox 51 2588 831 2792; x_wconf 50' lang='lat' dir='ltr'>{illaudabiliter{laland</span> <span class='ocrx_word' id='word_1_244' title='bbox 849 2587 1455 2788; x_wconf 58' lang='lat' dir='ltr'>¹lll⁸s⁰aallgirliafiliu</span> <span class='ocrx_word' id='word_1_245' title='bbox 1473 2592 1712 2766; x_wconf 59' lang='lat' dir='ltr'>‘idliiflilff</span> <span class='ocrx_word' id='word_1_246' title='bbox 1832 2705 1835 2712; x_wconf 28' lang='grc' dir='ltr'><strong>ν</strong></span> <span class='ocrx_word' id='word_1_247' title='bbox 1944 2673 1945 2684; x_wconf 16' lang='grc' dir='ltr'>ψ</span> 
     </span>
    </p>

    <p class='ocr_par' dir='ltr' id='par_1_14' title="bbox 55 2783 1711 2896">
     <span class='ocr_line' id='line_1_24' title="bbox 55 2783 1711 2896; baseline -0.008 -20"><span class='ocrx_word' id='word_1_248' title='bbox 55 2804 178 2896; x_wconf 87' lang='lat' dir='ltr'>niana,</span> <span class='ocrx_word' id='word_1_249' title='bbox 193 2799 231 2871; x_wconf 92' lang='lat' dir='ltr'>in</span> <span class='ocrx_word' id='word_1_250' title='bbox 244 2817 314 2892; x_wconf 81' lang='lat' dir='ltr'>qua</span> <span class='ocrx_word' id='word_1_251' title='bbox 328 2790 431 2866; x_wconf 91' lang='lat' dir='ltr'>limul</span> <span class='ocrx_word' id='word_1_252' title='bbox 445 2789 542 2864; x_wconf 85' lang='lat' dir='ltr'>notis</span> <span class='ocrx_word' id='word_1_253' title='bbox 555 2784 732 2882; x_wconf 82' lang='lat' dir='ltr'>aliquibus</span> <span class='ocrx_word' id='word_1_254' title='bbox 747 2783 820 2859; x_wconf 88' lang='lat' dir='ltr'>est&#39;</span> <span class='ocrx_word' id='word_1_255' title='bbox 849 2783 1011 2881; x_wconf 80' lang='lat' dir='ltr'>astratus,</span> <span class='ocrx_word' id='word_1_256' title='bbox 1024 2783 1085 2858; x_wconf 92' lang='lat' dir='ltr'>sed</span> <span class='ocrx_word' id='word_1_257' title='bbox 1100 2809 1184 2880; x_wconf 80' lang='lat' dir='ltr'>quae</span> <span class='ocrx_word' id='word_1_258' title='bbox 1205 2808 1283 2860; x_wconf 91' lang='lat' dir='ltr'>non</span> <span class='ocrx_word' id='word_1_259' title='bbox 1301 2784 1445 2886; x_wconf 87' lang='lat' dir='ltr'>semper</span> <span class='ocrx_word' id='word_1_260' title='bbox 1465 2788 1591 2887; x_wconf 82' lang='lat' dir='ltr'>magni</span> <span class='ocrx_word' id='word_1_261' title='bbox 1616 2786 1711 2863; x_wconf 87' lang='lat' dir='ltr'>adeo</span> 
     </span>
    </p>

    <p class='ocr_par' dir='ltr' id='par_1_15' title="bbox 56 2879 1776 2988">
     <span class='ocr_line' id='line_1_25' title="bbox 56 2879 1776 2988; baseline -0.01 -12"><span class='ocrx_word' id='word_1_262' title='bbox 56 2895 246 2976; x_wconf 86' lang='lat' dir='ltr'>momenti</span> <span class='ocrx_word' id='word_1_263' title='bbox 280 2891 369 2968; x_wconf 92' lang='lat' dir='ltr'>sunt.</span> <span class='ocrx_word' id='word_1_264' title='bbox 420 2890 552 2988; x_wconf 86' lang='lat' dir='ltr'>Longe</span> <span class='ocrx_word' id='word_1_265' title='bbox 586 2883 734 2982; x_wconf 86' lang='lat' dir='ltr'>majoris</span> <span class='ocrx_word' id='word_1_266' title='bbox 750 2882 924 2960; x_wconf 82' lang='lat' dir='ltr'>ducendae</span> <span class='ocrx_word' id='word_1_267' title='bbox 936 2879 1265 2958; x_wconf 81' lang='lat' dir='ltr'>animadvetfiones</span> <span class='ocrx_word' id='word_1_268' title='bbox 1283 2881 1710 2988; x_wconf 84' lang='lat' dir='ltr'>Frider.Lindenbrogii,</span> <span class='ocrx_word' id='word_1_269' title='bbox 1773 2929 1776 2936; x_wconf 90' lang='lat'><em>-</em></span> 
     </span>
    </p>

    <p class='ocr_par' dir='ltr' id='par_1_16' title="bbox 11 2980 1749 3093">
     <span class='ocr_line' id='line_1_26' title="bbox 11 2980 1749 3093; baseline -0.009 -24"><span class='ocrx_word' id='word_1_270' title='bbox 11 3051 13 3056; x_wconf 83' lang='lat'>-</span> <span class='ocrx_word' id='word_1_271' title='bbox 57 3024 150 3078; x_wconf 81' lang='lat' dir='ltr'>cum</span> <span class='ocrx_word' id='word_1_272' title='bbox 167 2992 322 3093; x_wconf 73' lang='lat' dir='ltr'>&#39;iquibus</span> <span class='ocrx_word' id='word_1_273' title='bbox 362 2986 573 3086; x_wconf 83' lang='lat' dir='ltr'>Hamburgi</span> <span class='ocrx_word' id='word_1_274' title='bbox 615 2983 687 3069; x_wconf 76' lang='lat' dir='ltr'>An,</span> <span class='ocrx_word' id='word_1_275' title='bbox 733 2991 837 3072; x_wconf 80' lang='lat'><strong>1609·</strong></span> <span class='ocrx_word' id='word_1_276' title='bbox 877 2983 915 3057; x_wconf 92' lang='lat' dir='ltr'>in</span> <span class='ocrx_word' id='word_1_277' title='bbox 949 3004 1025 3080; x_wconf 86' lang='lat' dir='ltr'>4to.</span> <span class='ocrx_word' id='word_1_278' title='bbox 1064 2980 1282 3059; x_wconf 84' lang='lat' dir='ltr'>Ammianus</span> <span class='ocrx_word' id='word_1_279' title='bbox 1323 2981 1472 3083; x_wconf 81' lang='lat' dir='ltr'>prodiit</span> <span class='ocrx_word' id='word_1_280' title='bbox 1546 2981 1711 3060; x_wconf 85' lang='lat' dir='ltr'>Postmo·</span> <span class='ocrx_word' id='word_1_281' title='bbox 1745 3049 1749 3054; x_wconf 83' lang='lat'>.</span> 
     </span>
    </p>

    <p class='ocr_par' dir='ltr' id='par_1_17' title="bbox 58 3080 1710 3184">
     <span class='ocr_line' id='line_1_27' title="bbox 58 3080 1710 3184; baseline -0.012 -7"><span class='ocrx_word' id='word_1_282' title='bbox 58 3101 153 3176; x_wconf 90' lang='lat' dir='ltr'>dum</span> <span class='ocrx_word' id='word_1_283' title='bbox 180 3093 296 3170; x_wconf 87' lang='lat' dir='ltr'>Henr.</span> <span class='ocrx_word' id='word_1_284' title='bbox 321 3084 480 3164; x_wconf 85' lang='lat' dir='ltr'>Valesrus</span> <span class='ocrx_word' id='word_1_285' title='bbox 504 3081 752 3158; x_wconf 87' lang='lat' dir='ltr'>eruditillimas</span> <span class='ocrx_word' id='word_1_286' title='bbox 774 3105 880 3160; x_wconf 89' lang='lat' dir='ltr'>notas</span> <span class='ocrx_word' id='word_1_287' title='bbox 904 3083 943 3155; x_wconf 93' lang='lat' dir='ltr'>in</span> <span class='ocrx_word' id='word_1_288' title='bbox 969 3080 1127 3156; x_wconf 87' lang='lat' dir='ltr'>eundem</span> <span class='ocrx_word' id='word_1_289' title='bbox 1152 3080 1372 3182; x_wconf 81' lang='lat' dir='ltr'>composuit,</span> <span class='ocrx_word' id='word_1_290' title='bbox 1395 3081 1582 3184; x_wconf 89' lang='lat' dir='ltr'>ediditque</span> <span class='ocrx_word' id='word_1_291' title='bbox 1605 3081 1710 3160; x_wconf 77' lang='lat' dir='ltr'>Parta</span> 
     </span>
    </p>

    <p class='ocr_par' dir='ltr' id='par_1_18' title="bbox 63 3177 1708 3292">
     <span class='ocr_line' id='line_1_28' title="bbox 63 3177 1708 3292; baseline -0.007 -22"><span class='ocrx_word' id='word_1_292' title='bbox 63 3207 173 3292; x_wconf 85' lang='lat'>1636.</span> <span class='ocrx_word' id='word_1_293' title='bbox 197 3194 235 3268; x_wconf 93' lang='lat' dir='ltr'>in</span> <span class='ocrx_word' id='word_1_294' title='bbox 260 3177 300 3288; x_wconf 46' lang='lat'>4,</span> <span class='ocrx_word' id='word_1_295' title='bbox 345 3185 433 3268; x_wconf 84' lang='lat' dir='ltr'>Erat</span> <span class='ocrx_word' id='word_1_296' title='bbox 453 3185 544 3260; x_wconf 92' lang='lat' dir='ltr'>olim</span> <span class='ocrx_word' id='word_1_297' title='bbox 567 3182 625 3265; x_wconf 90' lang='lat' dir='ltr'>ille</span> <span class='ocrx_word' id='word_1_298' title='bbox 649 3181 741 3257; x_wconf 90' lang='lat' dir='ltr'>liber</span> <span class='ocrx_word' id='word_1_299' title='bbox 764 3179 974 3256; x_wconf 85' lang='lat' dir='ltr'>rariffimus:</span> <span class='ocrx_word' id='word_1_300' title='bbox 1000 3177 1061 3254; x_wconf 85' lang='lat' dir='ltr'>sed</span> <span class='ocrx_word' id='word_1_301' title='bbox 1086 3179 1228 3260; x_wconf 87' lang='lat' dir='ltr'>recusus</span> <span class='ocrx_word' id='word_1_302' title='bbox 1252 3179 1493 3279; x_wconf 91' lang='lat' dir='ltr'>postmodum</span> <span class='ocrx_word' id='word_1_303' title='bbox 1526 3181 1577 3257; x_wconf 87' lang='lat' dir='ltr'>est</span> <span class='ocrx_word' id='word_1_304' title='bbox 1602 3179 1708 3260; x_wconf 89' lang='lat' dir='ltr'>Paris.</span> 
     </span>
    </p>

    <p class='ocr_par' dir='ltr' id='par_1_19' title="bbox 58 3277 1709 3379">
     <span class='ocr_line' id='line_1_29' title="bbox 58 3277 1709 3379; baseline -0.009 -4"><span class='ocrx_word' id='word_1_305' title='bbox 58 3302 107 3375; x_wconf 88' lang='lat' dir='ltr'>A.</span> <span class='ocrx_word' id='word_1_306' title='bbox 141 3308 245 3379; x_wconf 86' lang='lat'>1681.</span> <span class='ocrx_word' id='word_1_307' title='bbox 280 3292 318 3363; x_wconf 91' lang='lat' dir='ltr'>in</span> <span class='ocrx_word' id='word_1_308' title='bbox 341 3286 404 3361; x_wconf 91' lang='lat' dir='ltr'>fol.</span> <span class='ocrx_word' id='word_1_309' title='bbox 438 3279 633 3360; x_wconf 73' lang='lat' dir='ltr'>manuifica</span> <span class='ocrx_word' id='word_1_310' title='bbox 662 3307 704 3358; x_wconf 87' lang='lat' dir='ltr'>ac</span> <span class='ocrx_word' id='word_1_311' title='bbox 737 3282 789 3355; x_wconf 90' lang='lat' dir='ltr'>ele</span> <span class='ocrx_word' id='word_1_312' title='bbox 817 3281 891 3356; x_wconf 89' lang='lat' dir='ltr'>anti</span> <span class='ocrx_word' id='word_1_313' title='bbox 916 3279 1096 3354; x_wconf 88' lang='lat' dir='ltr'>Editione.</span> <span class='ocrx_word' id='word_1_314' title='bbox 1152 3278 1278 3352; x_wconf 82' lang='lat' dir='ltr'>Frater</span> <span class='ocrx_word' id='word_1_315' title='bbox 1305 3277 1470 3378; x_wconf 85' lang='lat' dir='ltr'>Henrici,</span> <span class='ocrx_word' id='word_1_316' title='bbox 1499 3280 1709 3360; x_wconf 83' lang='lat' dir='ltr'>Hadrianus</span> 
     </span>
    </p>

    <p class='ocr_par' dir='ltr' id='par_1_20' title="bbox 58 3305 1710 3494">
     <span class='ocr_line' id='line_1_30' title="bbox 58 3305 1710 3494; baseline -0.01 -21"><span class='ocrx_word' id='word_1_317' title='bbox 58 3391 239 3488; x_wconf 70' lang='lat' dir='ltr'>valesius,</span> <span class='ocrx_word' id='word_1_318' title='bbox 260 3347 592 3486; x_wconf 57' lang='lat' dir='ltr'>Historiographus</span> <span class='ocrx_word' id='word_1_319' title='bbox 615 3381 764 3484; x_wconf 84' lang='lat' dir='ltr'>Regius,</span> <span class='ocrx_word' id='word_1_320' title='bbox 780 3305 875 3453; x_wconf 62' lang='lat' dir='ltr'>idlam</span> <span class='ocrx_word' id='word_1_321' title='bbox 892 3380 1114 3478; x_wconf 81' lang='lat' dir='ltr'>procuravit,</span> <span class='ocrx_word' id='word_1_322' title='bbox 1128 3374 1341 3474; x_wconf 82' lang='lat' dir='ltr'>addiditque</span> <span class='ocrx_word' id='word_1_323' title='bbox 1366 3375 1577 3491; x_wconf 80' lang='lat' dir='ltr'>Lindenbro</span> <span class='ocrx_word' id='word_1_324' title='bbox 1608 3382 1627 3396; x_wconf 87' lang='lat'>&#39;&#39;</span> <span class='ocrx_word' id='word_1_325' title='bbox 1644 3379 1710 3494; x_wconf 83' lang='lat' dir='ltr'>ob·</span> 
     </span>
    </p>

    <p class='ocr_par' dir='ltr' id='par_1_21' title="bbox 60 3405 1711 3656">
     <span class='ocr_line' id='line_1_31' title="bbox 60 3405 1711 3589; baseline -0.016 -10"><span class='ocrx_word' id='word_1_326' title='bbox 60 3493 285 3580; x_wconf 84' lang='lat' dir='ltr'>servationes</span> <span class='ocrx_word' id='word_1_327' title='bbox 293 3546 305 3589; x_wconf 94' lang='lat'>,</span> <span class='ocrx_word' id='word_1_328' title='bbox 320 3485 359 3563; x_wconf 81' lang='lat' dir='ltr'>dt</span> <span class='ocrx_word' id='word_1_329' title='bbox 373 3483 491 3562; x_wconf 86' lang='lat' dir='ltr'>fratris</span> <span class='ocrx_word' id='word_1_330' title='bbox 507 3481 770 3580; x_wconf 88' lang='lat' dir='ltr'>annotationes,</span> <span class='ocrx_word' id='word_1_331' title='bbox 778 3499 949 3579; x_wconf 80' lang='lat' dir='ltr'>utrasque</span> <span class='ocrx_word' id='word_1_332' title='bbox 962 3473 1152 3576; x_wconf 64' lang='lat' dir='ltr'>auctiores,</span> <span class='ocrx_word' id='word_1_333' title='bbox 1160 3471 1379 3556; x_wconf 76' lang='lat' dir='ltr'>colledanea</span> <span class='ocrx_word' id='word_1_334' title='bbox 1393 3405 1711 3554; x_wconf 61' lang='lat' dir='ltr'>vnunmidato·</span> 
     </span>
     <span class='ocr_line' id='line_1_32' title="bbox 832 3601 1711 3656; baseline -0.006 3"><span class='ocrx_word' id='word_1_335' title='bbox 832 3635 835 3642; x_wconf 67' lang='lat'>,</span> <span class='ocrx_word' id='word_1_336' title='bbox 1619 3601 1711 3656; x_wconf 87' lang='lat' dir='ltr'>num</span> 
     </span>
    </p>
   </div>
   <div class='ocr_carea' id='block_1_5' title="bbox 103 3707 1762 4592">
    <p class='ocr_par' dir='ltr' id='par_1_22' title="bbox 103 3707 1762 4143">
     <span class='ocr_line' id='line_1_33' title="bbox 103 3707 1762 3814; baseline -0.004 -25"><span class='ocrx_word' id='word_1_337' title='bbox 103 3731 158 3814; x_wconf 74' lang='lat' dir='ltr'>(n)</span> <span class='ocrx_word' id='word_1_338' title='bbox 178 3723 372 3790; x_wconf 81' lang='lat' dir='ltr'>Novillintam</span> <span class='ocrx_word' id='word_1_339' title='bbox 389 3719 522 3782; x_wconf 88' lang='lat' dir='ltr'>omnium</span> <span class='ocrx_word' id='word_1_340' title='bbox 536 3719 673 3782; x_wconf 64' lang='lat' dir='ltr'>Limnai</span> <span class='ocrx_word' id='word_1_341' title='bbox 689 3717 818 3800; x_wconf 84' lang='lat' dir='ltr'>Operum</span> <span class='ocrx_word' id='word_1_342' title='bbox 832 3715 949 3800; x_wconf 86' lang='lat' dir='ltr'>(quibus</span> <span class='ocrx_word' id='word_1_343' title='bbox 962 3715 1087 3780; x_wconf 81' lang='lat' dir='ltr'>Libellus</span> <span class='ocrx_word' id='word_1_344' title='bbox 1102 3733 1219 3800; x_wconf 85' lang='lat' dir='ltr'>quoque</span> <span class='ocrx_word' id='word_1_345' title='bbox 1228 3715 1266 3780; x_wconf 85' lang='lat' dir='ltr'>de</span> <span class='ocrx_word' id='word_1_346' title='bbox 1279 3715 1491 3784; x_wconf 80' lang='lat' dir='ltr'>Persecutorum</span> <span class='ocrx_word' id='word_1_347' title='bbox 1504 3717 1650 3782; x_wconf 74' lang='lat' dir='ltr'>Mortibus</span> <span class='ocrx_word' id='word_1_348' title='bbox 1667 3717 1712 3784; x_wconf 67' lang='lat' dir='ltr'>ee‘</span> <span class='ocrx_word' id='word_1_349' title='bbox 1758 3707 1762 3716; x_wconf 72' lang='grc'><strong><em>’</em></strong></span> 
     </span>
     <span class='ocr_line' id='line_1_34' title="bbox 188 3801 1710 3886; baseline -0.005 -12"><span class='ocrx_word' id='word_1_350' title='bbox 188 3811 276 3882; x_wconf 76' lang='lat' dir='ltr'>cellit)</span> <span class='ocrx_word' id='word_1_351' title='bbox 290 3809 473 3883; x_wconf 81' lang='lat' dir='ltr'>Editionem,</span> <span class='ocrx_word' id='word_1_352' title='bbox 505 3806 541 3868; x_wconf 82' lang='lat' dir='ltr'>ad</span> <span class='ocrx_word' id='word_1_353' title='bbox 558 3809 609 3867; x_wconf 89' lang='lat' dir='ltr'>IV.</span> <span class='ocrx_word' id='word_1_354' title='bbox 629 3805 772 3870; x_wconf 86' lang='lat' dir='ltr'>Codicum</span> <span class='ocrx_word' id='word_1_355' title='bbox 795 3805 914 3883; x_wconf 88' lang='lat' dir='ltr'>(Trium</span> <span class='ocrx_word' id='word_1_356' title='bbox 934 3801 987 3864; x_wconf 88' lang='lat' dir='ltr'>scil.</span> <span class='ocrx_word' id='word_1_357' title='bbox 1003 3803 1182 3866; x_wconf 75' lang='lat' dir='ltr'>Bibliotheca</span> <span class='ocrx_word' id='word_1_358' title='bbox 1199 3803 1374 3866; x_wconf 70' lang='lat' dir='ltr'>Academica</span> <span class='ocrx_word' id='word_1_359' title='bbox 1392 3802 1553 3884; x_wconf 84' lang='lat' dir='ltr'>Lipliensrr,</span> <span class='ocrx_word' id='word_1_360' title='bbox 1569 3807 1710 3886; x_wconf 78' lang='lat' dir='ltr'>uniusque</span> 
     </span>
     <span class='ocr_line' id='line_1_35' title="bbox 190 3887 1708 3974; baseline -0.006 -17"><span class='ocrx_word' id='word_1_361' title='bbox 190 3888 841 3974; x_wconf 79' lang='lat' dir='ltr'>Saxo-Gothum)fidemdeuuoemendatam,&amp;</span> <span class='ocrx_word' id='word_1_362' title='bbox 849 3887 1373 3968; x_wconf 81' lang='lat' dir='ltr'>Anuotatiouibussuiratquealiorum</span> <span class='ocrx_word' id='word_1_363' title='bbox 1382 3887 1708 3970; x_wconf 79' lang='lat' dir='ltr'>infigniterillustratrm,</span> 
     </span>
     <span class='ocr_line' id='line_1_36' title="bbox 189 3969 1706 4063; baseline -0.005 -21"><span class='ocrx_word' id='word_1_364' title='bbox 189 3980 285 4063; x_wconf 84' lang='lat' dir='ltr'>Typis</span> <span class='ocrx_word' id='word_1_365' title='bbox 298 3975 491 4058; x_wconf 82' lang='lat' dir='ltr'>Lipsienstbus,</span> <span class='ocrx_word' id='word_1_366' title='bbox 506 3977 648 4038; x_wconf 87' lang='lat' dir='ltr'>Batavicos</span> <span class='ocrx_word' id='word_1_367' title='bbox 666 3979 759 4038; x_wconf 87' lang='lat' dir='ltr'>nitore</span> <span class='ocrx_word' id='word_1_368' title='bbox 775 3973 985 4055; x_wconf 84' lang='lat' dir='ltr'>propemodum</span> <span class='ocrx_word' id='word_1_369' title='bbox 998 3971 1178 4052; x_wconf 70' lang='lat' dir='ltr'>equentibus,</span> <span class='ocrx_word' id='word_1_370' title='bbox 1188 3975 1223 4034; x_wconf 82' lang='grc' dir='ltr'>Α.</span> <span class='ocrx_word' id='word_1_371' title='bbox 1239 3971 1329 4058; x_wconf 83' lang='lat'>1698.</span> <span class='ocrx_word' id='word_1_372' title='bbox 1338 3975 1369 4034; x_wconf 90' lang='lat' dir='ltr'>in</span> <span class='ocrx_word' id='word_1_373' title='bbox 1380 3981 1436 4050; x_wconf 79' lang='lat' dir='ltr'>ssvo</span> <span class='ocrx_word' id='word_1_374' title='bbox 1451 3970 1530 4032; x_wconf 86' lang='lat' dir='ltr'>dedit</span> <span class='ocrx_word' id='word_1_375' title='bbox 1543 3969 1706 4052; x_wconf 81' lang='lat' dir='ltr'>christoph.</span> 
     </span>
     <span class='ocr_line' id='line_1_37' title="bbox 192 4054 1708 4143; baseline -0.002 -16"><span class='ocrx_word' id='word_1_376' title='bbox 192 4065 338 4139; x_wconf 84' lang='lat' dir='ltr'>Cellarius,</span> <span class='ocrx_word' id='word_1_377' title='bbox 354 4063 407 4122; x_wconf 87' lang='lat' dir='ltr'>Lit</span> <span class='ocrx_word' id='word_1_378' title='bbox 426 4063 507 4143; x_wconf 85' lang='lat' dir='ltr'>Eleg.</span> <span class='ocrx_word' id='word_1_379' title='bbox 527 4060 559 4122; x_wconf 92' lang='lat' dir='ltr'>in</span> <span class='ocrx_word' id='word_1_380' title='bbox 576 4061 662 4122; x_wconf 85' lang='lat' dir='ltr'>Aord.</span> <span class='ocrx_word' id='word_1_381' title='bbox 684 4059 882 4124; x_wconf 85' lang='lat' dir='ltr'>Sauo-Halenst</span> <span class='ocrx_word' id='word_1_382' title='bbox 901 4055 1045 4119; x_wconf 83' lang='lat' dir='ltr'>Ptofcllot.</span> <span class='ocrx_word' id='word_1_383' title='bbox 1089 4054 1242 4121; x_wconf 73' lang='lat' dir='ltr'>aetertum</span> <span class='ocrx_word' id='word_1_384' title='bbox 1267 4057 1343 4122; x_wconf 80' lang='lat' dir='ltr'>illius</span> <span class='ocrx_word' id='word_1_385' title='bbox 1363 4077 1395 4120; x_wconf 86' lang='lat' dir='ltr'>ac</span> <span class='ocrx_word' id='word_1_386' title='bbox 1417 4055 1525 4134; x_wconf 64' lang='lat' dir='ltr'>Laudes</span> <span class='ocrx_word' id='word_1_387' title='bbox 1538 4057 1575 4119; x_wconf 90' lang='lat' dir='ltr'>V.</span> <span class='ocrx_word' id='word_1_388' title='bbox 1591 4063 1621 4120; x_wconf 78' lang='lat' dir='ltr'>ln</span> <span class='ocrx_word' id='word_1_389' title='bbox 1634 4059 1708 4124; x_wconf 69' lang='lat' dir='ltr'>Adiit</span> 
     </span>
    </p>

    <p class='ocr_par' dir='ltr' id='par_1_23' title="bbox 124 4138 1711 4236">
     <span class='ocr_line' id='line_1_38' title="bbox 124 4138 1711 4236; baseline -0.01 -24"><span class='ocrx_word' id='word_1_390' title='bbox 124 4145 127 4150; x_wconf 45' lang='lat'>⁵</span> <span class='ocrx_word' id='word_1_391' title='bbox 197 4149 282 4212; x_wconf 85' lang='lat' dir='ltr'>Erud.</span> <span class='ocrx_word' id='word_1_392' title='bbox 302 4143 481 4228; x_wconf 75' lang='lat' dir='ltr'>Lpstenstau,</span> <span class='ocrx_word' id='word_1_393' title='bbox 496 4145 541 4206; x_wconf 85' lang='lat' dir='ltr'><em>M</em></span> <span class='ocrx_word' id='word_1_394' title='bbox 563 4147 634 4206; x_wconf 88' lang='lat' dir='ltr'>Nou.</span> <span class='ocrx_word' id='word_1_395' title='bbox 649 4147 683 4205; x_wconf 82' lang='lat' dir='ltr'>A.</span> <span class='ocrx_word' id='word_1_396' title='bbox 692 4157 759 4218; x_wconf 72' lang='lat'><em>1698.</em></span> <span class='ocrx_word' id='word_1_397' title='bbox 767 4163 796 4225; x_wconf 82' lang='lat' dir='ltr'>p.</span> <span class='ocrx_word' id='word_1_398' title='bbox 801 4138 846 4222; x_wconf 60' lang='lat'>&gt;³35-</span> <span class='ocrx_word' id='word_1_399' title='bbox 858 4153 909 4220; x_wconf 78' lang='lat'><em>536.</em></span> <span class='ocrx_word' id='word_1_400' title='bbox 979 4215 981 4220; x_wconf 21' lang='grc' dir='ltr'>Ι</span> <span class='ocrx_word' id='word_1_401' title='bbox 1707 4229 1711 4236; x_wconf 29' lang='grc' dir='ltr'>Ι</span> 
     </span>
    </p>

    <p class='ocr_par' dir='ltr' id='par_1_24' title="bbox 107 4225 1710 4592">
     <span class='ocr_line' id='line_1_39' title="bbox 107 4225 1708 4312; baseline -0.006 -15"><span class='ocrx_word' id='word_1_402' title='bbox 107 4241 170 4312; x_wconf 73' lang='lat' dir='ltr'>(uu)</span> <span class='ocrx_word' id='word_1_403' title='bbox 190 4235 337 4297; x_wconf 75' lang='lat' dir='ltr'>Placidum</span> <span class='ocrx_word' id='word_1_404' title='bbox 350 4233 534 4310; x_wconf 75' lang='lat' dir='ltr'>Lrilantium,</span> <span class='ocrx_word' id='word_1_405' title='bbox 550 4229 607 4292; x_wconf 85' lang='lat' dir='ltr'>five</span> <span class='ocrx_word' id='word_1_406' title='bbox 620 4231 791 4306; x_wconf 62' lang='lat' dir='ltr'>Lubiatium3</span> <span class='ocrx_word' id='word_1_407' title='bbox 806 4249 822 4288; x_wconf 77' lang='lat' dir='ltr'>a</span> <span class='ocrx_word' id='word_1_408' title='bbox 836 4233 867 4292; x_wconf 85' lang='lat' dir='ltr'>L</span> <span class='ocrx_word' id='word_1_409' title='bbox 886 4229 975 4292; x_wconf 76' lang='lat' dir='ltr'>Caelio</span> <span class='ocrx_word' id='word_1_410' title='bbox 989 4229 1140 4306; x_wconf 69' lang='lat' dir='ltr'>Iadmtiq</span> <span class='ocrx_word' id='word_1_411' title='bbox 1157 4229 1300 4310; x_wconf 74' lang='lat' dir='ltr'>scriptore</span> <span class='ocrx_word' id='word_1_412' title='bbox 1320 4227 1521 4306; x_wconf 76' lang='lat' dir='ltr'>Ecclesiastico,</span> <span class='ocrx_word' id='word_1_413' title='bbox 1541 4225 1613 4290; x_wconf 70' lang='lat' dir='ltr'>teile</span> <span class='ocrx_word' id='word_1_414' title='bbox 1628 4227 1708 4288; x_wconf 88' lang='lat' dir='ltr'>Mot-</span> 
     </span>
     <span class='ocr_line' id='line_1_40' title="bbox 188 4317 1709 4414; baseline -0.003 -18"><span class='ocrx_word' id='word_1_415' title='bbox 188 4333 291 4408; x_wconf 85' lang='lat' dir='ltr'>holius,</span> <span class='ocrx_word' id='word_1_416' title='bbox 305 4332 445 4396; x_wconf 87' lang='lat' dir='ltr'>Placcium</span> <span class='ocrx_word' id='word_1_417' title='bbox 464 4332 578 4404; x_wconf 83' lang='lat' dir='ltr'>secutus,</span> <span class='ocrx_word' id='word_1_418' title='bbox 591 4327 748 4412; x_wconf 84' lang='lat' dir='ltr'>distinguit,</span> <span class='ocrx_word' id='word_1_419' title='bbox 770 4325 817 4388; x_wconf 83' lang='lat' dir='ltr'>sed</span> <span class='ocrx_word' id='word_1_420' title='bbox 837 4329 948 4392; x_wconf 80' lang='lat' dir='ltr'>incaute</span> <span class='ocrx_word' id='word_1_421' title='bbox 968 4318 1166 4414; x_wconf 60' lang='grc' dir='ltr'>ἁμάρτημα</span> <span class='ocrx_word' id='word_1_422' title='bbox 1193 4329 1251 4408; x_wconf 79' lang='lat' dir='ltr'>eiua</span> <span class='ocrx_word' id='word_1_423' title='bbox 1279 4317 1474 4412; x_wconf 73' lang='grc' dir='ltr'>μνημονικόν,</span> <span class='ocrx_word' id='word_1_424' title='bbox 1494 4328 1562 4388; x_wconf 78' lang='lat' dir='ltr'>alibi</span> <span class='ocrx_word' id='word_1_425' title='bbox 1584 4349 1601 4388; x_wconf 87' lang='lat' dir='ltr'>a</span> <span class='ocrx_word' id='word_1_426' title='bbox 1624 4327 1709 4392; x_wconf 77' lang='lat' dir='ltr'>nobie</span> 
     </span>
     <span class='ocr_line' id='line_1_41' title="bbox 189 4409 1710 4501; baseline -0.001 -21"><span class='ocrx_word' id='word_1_427' title='bbox 189 4419 247 4498; x_wconf 72' lang='lat' dir='ltr'>jem</span> <span class='ocrx_word' id='word_1_428' title='bbox 262 4433 399 4496; x_wconf 83' lang='lat' dir='ltr'>notatum,</span> <span class='ocrx_word' id='word_1_429' title='bbox 414 4415 625 4482; x_wconf 81' lang='lat' dir='ltr'>transcribendo</span> <span class='ocrx_word' id='word_1_430' title='bbox 641 4413 723 4475; x_wconf 88' lang='lat' dir='ltr'>suum</span> <span class='ocrx_word' id='word_1_431' title='bbox 737 4409 808 4489; x_wconf 76' lang='lat' dir='ltr'>facit,</span> <span class='ocrx_word' id='word_1_432' title='bbox 824 4411 895 4474; x_wconf 88' lang='lat' dir='ltr'>dum</span> <span class='ocrx_word' id='word_1_433' title='bbox 908 4417 998 4494; x_wconf 85' lang='lat' dir='ltr'>priori</span> <span class='ocrx_word' id='word_1_434' title='bbox 1018 4415 1152 4493; x_wconf 72' lang='lat' dir='ltr'>(Placido</span> <span class='ocrx_word' id='word_1_435' title='bbox 1172 4413 1309 4501; x_wconf 75' lang='lat' dir='ltr'>saliret),</span> <span class='ocrx_word' id='word_1_436' title='bbox 1328 4417 1410 4484; x_wconf 76' lang='lat' dir='ltr'>surii</span> <span class='ocrx_word' id='word_1_437' title='bbox 1431 4415 1525 4500; x_wconf 65' lang='lat' dir='ltr'>Baiter</span> <span class='ocrx_word' id='word_1_438' title='bbox 1550 4413 1710 4498; x_wconf 71' lang='lat' dir='ltr'>latterpmti,</span> 
     </span>
     <span class='ocr_line' id='line_1_42' title="bbox 192 4497 1574 4592; baseline -0.012 -21"><span class='ocrx_word' id='word_1_439' title='bbox 192 4502 420 4586; x_wconf 63' lang='lat' dir='ltr'>§omenta</span> <span class='ocrx_word' id='word_1_440' title='bbox 433 4503 466 4570; x_wconf 77' lang='lat' dir='ltr'>ra</span> <span class='ocrx_word' id='word_1_441' title='bbox 478 4507 604 4592; x_wconf 66' lang='lat' dir='ltr'>Tacitum»</span> <span class='ocrx_word' id='word_1_442' title='bbox 623 4515 770 4586; x_wconf 73' lang='lat' dir='ltr'>perpetrm</span> <span class='ocrx_word' id='word_1_443' title='bbox 790 4497 925 4588; x_wconf 67' lang='lat' dir='ltr'>omibut,</span> <span class='ocrx_word' id='word_1_444' title='bbox 1571 4515 1574 4522; x_wconf 86' lang='lat'>.</span> 
     </span>
    </p>
   </div>
   <div class='ocr_carea' id='block_1_6' title="bbox 0 0 1952 5226">
    <p class='ocr_par' dir='ltr' id='par_1_25' title="bbox 0 0 1952 5226">
     <span class='ocr_line' id='line_1_43' title="bbox 0 0 1952 5226; baseline 0 3"><span class='ocrx_word' id='word_1_445' title='bbox 0 0 1952 5226; x_wconf 95' lang='lat' dir='ltr'> </span> 
     </span>
    </p>
   </div>
  </div>
 </body>
</html>
