3894 5226
550 199 694 348 seps.
745 237 804 320 De
817 236 1050 345 Scriptorr'bus
1067 190 1227 321 srsticis.
1266 267 1279 354 j
1399 205 1401 209 .
1636 227 1712 340 9‘27

60 373 293 502 CHARTJ'
306 411 449 517 scripta,
460 357 675 500 {sierozoicm
688 410 884 589 anpvaphia
896 413 1005 496 Sacra,
1025 409 1172 488 Celticis
1185 408 1497 502 observationibus
1512 407 1709 510 abundant,

57 513 242 714 sisuidd‘dr?
258 536 497 716 pppppptarte
514 513 719 592 excelluisse
764 515 869 588 irum
883 535 1000 592 cetera
1022 510 1228 680 eruditione
1244 514 1349 652 omni
1370 509 1640 588 cumulatissime
1653 513 1706 586 in-

152 813 281 890 Nemo
290 834 410 890 tomen
423 812 564 892 adeout
575 839 647 917 pro
678 815 778 912 riam,
792 811 969 914 suumque
977 818 1091 894 veluti
1104 838 1260 919 regnum
1286 811 1353 890 fibi
1367 809 1701 890 Criticenvindica·
1722 819 1765 876 12

54 933 129 988 tum
143 914 224 1012 ivit,
236 937 276 990 ac
294 912 482 990 CLAUD.
498 840 879 1015 SALMd81U8,qui,
896 917 1210 1018 quemadmodum
1220 875 1310 990 nisis
1323 938 1485 1013 unquam
1501 907 1648 1012 scripsit,
1665 912 1705 984 in

54 1022 212 1111 quonon
222 1011 373 1118 insignia
380 1013 492 1090 medea
507 1015 609 1094 Attis
626 1015 773 1093 Criticae
789 1013 938 1118 vestigia
952 1015 1217 1117 deprehendas,
1234 1015 1281 1092 ita
1295 1013 1475 1114 inprimis,
1491 1032 1532 1086 ut
1543 1010 1703 1085 Antores

52 1111 590 1216 cum=norisdtcastigationibus
603 1113 863 1202 absolutissimis
879 1115 999 1194 editos
1012 1138 1205 1212 taceamus,
1222 1112 1323 1190 vasto
1339 1113 1401 1188 illo
1415 1113 1702 1186 Plinimmumsx-
1823 1186 1830 1194 ,

52 1221 267 1284 crcirarionu'm
283 1219 391 1316 Opere,
404 1221 583 1310 quantum
598 1217 636 1289 in
651 1239 698 1292 eo
715 1213 930 1314 eruditionis
949 1239 1085 1318 genere
1101 1217 1248 1312 valeret,
1270 1209 1556 1302 demonstratum
1579 1208 1698 1314 dedit:

50 1335 117 1385 nec
135 1315 256 1390 minus
277 1316 314 1388 in
341 1313 442 1408 libris
471 1316 510 1388 de
543 1315 662 1414 Usuris,
682 1319 801 1388 Foenm
825 1320 891 1387 Tra
910 1324 1031 1403 critico,
1060 1321 1204 1404 Nautico,
1228 1315 1349 1394 critica
1378 1312 1475 1387 varia
1501 1328 1698 1385 coacervat.
1751 1401 1757 1408 .

49 1409 118 1486 Sed
141 1435 264 1488 tamen
286 1411 367 1488 suos
395 1437 545 1511 quoque
569 1438 692 1492 manes
716 1411 833 1516 passus
859 1337 911 1490 ess
933 1413 1224 1516 incomparabilis
1241 1413 1324 1510 Vir,
1349 1410 1439 1486 dum
1475 1406 1698 1507 quandoque

47 1533 118 1607 pro
132 1510 202 1586 suis
221 1511 424 1587 venditaret
447 1513 733 1612 emendationes,
752 1537 841 1612 quas
864 1510 1006 1589 dudum
1029 1536 1113 1591 ante
1140 1515 1240 1590 illum
1286 1534 1346 1590 aut
1367 1511 1539 1612 Scaliger,
1560 1529 1620 1582 aut
1641 1507 1700 1582 alii

48 1607 175 1686 Critic'i
190 1655 192 1662 .
205 1608 374 1714 insignes,
407 1612 623 1712 posuerant:
641 1639 658 1658 f
686 1613 881 1712 nandoque
914 1615 1033 1712 etiam,
1063 1573 1318 1715 intempelsiva
1348 1607 1484 1686 invidia
1521 1609 1694 1708 pertinse,

46 1707 88 1782 ab
102 1713 176 1786 aliis
188 1710 317 1786 idonei
331 1714 419 1808 quid
439 1711 544 1804 scribi
562 1738 640 1822 non
657 1641 784 1811 derret,
809 1713 879 1788 snae
895 1712 934 1789 id
960 1709 1137 1788 decedere
1157 1713 1262 1790 samae
1280 1711 1490 1808 arbitratus,
1516 1703 1694 1806 quicquid

45 1808 200 1886 aliorum
213 1808 310 1886 laudi
334 1810 557 1892 accresceret.
635 1809 795 1926 Qestus
818 1809 869 1887 est
889 1811 1057 1913 inprimis
1085 1813 1132 1888 de
1155 1815 1318 1916 maligno
1341 1809 1606 1884 islhocanimo
1624 1805 1717 1880 Sal-'

42 1908 152 2006 masii,
177 1934 354 2012 magnum
370 1909 559 2007 quondam
578 1910 691 1987 nostrl
705 1909 811 1986 seculi
826 1911 948 2010 decus,
971 1909 991 2004 J
1006 1907 1045 1988 Ο
1060 1912 1110 1986 Η.
1136 1913 1166 1988 F
1181 1911 1214 1986 R
1227 1913 1244 1987 l
1260 1911 1294 1987 D
1308 1909 1341 1985 E
1356 1909 1398 1983 R.
1424 1905 1512 1983 GR
1527 1903 1567 1982 O
1581 1905 1623 1978 N
1639 1901 1695 1980 O·

44 2005 80 2078 V
96 2008 112 2081 I
126 2012 164 2084 U
179 2009 218 2110 S,-
240 2013 277 2084 in
307 2011 434 2110 Epljlola
461 2011 507 2083 ad
522 2017 637 2084 Ancon.
665 2014 877 2109 elementrum,
898 2007 1143 2112 Epistolarum
1159 2007 1459 2088 ,Salmafianarum
1485 2003 1691 2081 Editorem.

41 2105 143 2183 Nam
157 2133 242 2184 cum
259 2107 318 2182 hic
337 2106 539 2209 Epistolam
558 2109 740 2208 quandam
756 2108 914 2186 Salmafii
934 2110 1215 2209 adSarravium,
1231 2110 1483 2191 Gronoviano
1498 2102 1545 2180 de
1560 2101 1691 2180 Sester-

42 2206 99 2281 tiis
122 2207 286 2283 tractatui
301 2207 396 2298 haud
415 2210 523 2310 paulo
537 2213 774 2308 iniquiorem,
789 2207 909 2286 secum
924 2209 1092 2308 servaret,
1110 2212 1160 2310 dr,
1176 2211 1259 2288 licet
1272 2231 1373 2286 metu
1393 2207 1595 2302 Gronovii,
1616 2204 1692 2302 ejus

36 2303 241 2382 editionem
255 2305 292 2384 su
323 2310 510 2410 primeret,
528 2308 724 2412 legendam
738 2328 859 2386 tamen
870 2307 1219 2408 describendamque
1230 2310 1304 2387 eliis
1318 2311 1547 2412 permitteret
1554 2331 1565 2400 3
1590 2303 1691 2380 Gro-

39 2404 176 2482 novius
189 2407 233 2482 ab
246 2432 284 2482 ea
294 2333 747 2486 sdcontumeliavindieare
761 2408 936 2507 decrevit,
953 2408 1140 2507 ediditque
1154 2411 1247 2487 adeo
1259 2415 1438 2486 acriorem
1446 2401 1632 2508 epistolam
1645 2401 1692 2477 sd

40 2501 303 2606 Clementiam,
317 2509 356 2583 in
374 2533 446 2606 qua
458 2531 581 2582 mores
595 2505 751 2582 Salmafii
779 2507 894 2584 malos
914 2511 1009 2582 vivis
1023 2509 1208 2584 coloribus
1222 2508 1403 2610 depingit,
1418 2508 1569 2604 ejusque
1586 2501 1692 2580 fimus
1770 2551 1772 2556 -

38 2601 161 2707 plagia
177 2604 314 2684 Critlca
327 2607 488 2709 pluscula
500 2604 669 2682 recenset.
700 2603 819 2682 Edirae
832 2603 913 2684 sunt
926 2606 994 2682 illae
1012 2605 1173 2706 epistolae
1190 2629 1269 2682 tum
1283 2604 1490 2682 Salmasrana
1505 2625 1584 2678 tnm
1593 2603 1693 2678 Gro-

40 2707 208 2804 noviana,
223 2703 269 2782 ad
281 2707 414 2784 calcem
436 2723 548 2782 liovae
571 2703 741 2781 editionis
757 2705 841 2780 libri
857 2705 896 2776 dc
916 2707 1049 2778 Pecunia
1073 2709 1180 2778 Vetm'
1198 2711 1423 2787 Romanunm,
1437 2702 1495 2802 stu
1518 2703 1557 2772 de
1580 2701 1693 2794 Sester-
1722 2739 1729 2746 ·

40 2810 102 2890 riis,
124 2805 338 2906 Gronovii:
374 2829 497 2905 quem,
514 2806 777 2905 cumprimum
791 2801 934 2880 vidisset
957 2800 1167 2918 legissetque
1186 2803 1383 2900 Sarravius,
1395 2805 1400 2835 '¹
1409 2803 1560 2901 plenum
1578 2798 1690 2872 bonae
1742 2863 1745 2868 .

41 2899 158 3007 frugis
177 2903 244 2982 esse
263 2905 414 2984 censuit:
438 2903 521 2983 lices
562 2902 785 3003 ostmodum,
808 2903 847 2979 in
863 2902 1019 2979 Salmalri
1038 2907 1203 3006 gratiam,
1224 2903 1324 2981 aliter
1346 2899 1523 3001 judicarit.
1600 2896 1690 2972 Pro·
1748 2949 1754 2968 .

17 3023 163 3100 ·prerea
177 3028 298 3082 autem
312 3003 498 3084 Salmasius
514 2929 614 3084 edito
629 3005 680 3080 illi
693 3001 816 3106 Operi
830 3002 1060 3102 succensebat,
1074 3000 1254 3102 quodslbi
1292 3023 1408 3079 artem
1431 2998 1583 3074 ablatam
1605 3019 1694 3096 quc·w
1752 3007 1755 3016 ‘

39 3123 181 3182 seretur
195 3103 376 3184 vastissimi
392 3106 542 3208 Operis,
557 3103 660 3204 quod
679 3104 781 3178 delle
799 3109 959 3177 Numerio
968 3127 1136 3180 veterum
1150 3027 1374 3196 molledatur.
1448 3098 1532 3197 Sed,
1546 3123 1630 3174 cum
1644 3094 1692 3173 de
1728 3193 1731 3205 Ι
1815 3092 1828 3122 ‘

41 3195 140 3280 mdle
155 3206 213 3280 illa
228 3230 274 3282 ne
279 3207 454 3308 particula
461 3205 611 3304 quidem
621 3229 783 3303 unquam
796 3201 992 3306 prodierit:
1004 3203 1202 3280 laudandus
1220 3205 1281 3280 vel
1298 3204 1458 3278 maxime
1469 3193 1691 3274 Gronovius

41 3298 89 3374 ob
105 3305 287 3408 insignem
303 3305 452 3384 sertum:
505 3307 544 3382 ui
558 3306 683 3408 primo
699 3302 816 3382 editus
826 3297 881 3379 est
896 3303 1107 3380 Daventriae
1128 3311 1194 3398 ses,
1221 3305 1283 3378 ‚in
1301 3319 1331 3388 8.
1345 3323 1425 3376 tum
1444 3297 1585 3375 ausiior
1597 3298 1692 3371 Am·
1731 3386 1733 3394 Ι

42 3395 352 3505 llelodami1656.
370 3410 409 3485 in
427 3421 459 3497 8.
530 3404 690 3508 tandem,
704 3405 817 3484 tertiis
831 3404 925 3485 curis
947 3426 967 3480 e
987 3403 1066 3480 MS.
1080 3401 1251 3498 Ausloris
1267 3401 1404 3502 austris,
1419 3423 1439 3476 a
1452 3395 1530 3474 filio
1538 3393 1689 3574 gaeobp

523 3535 527 3553 ..
1276 3547 1279 3552 ι
1579 3519 1651 3572 ron
1678 3533 1693 3553 ·

125 3779 218 3866 1698
232 3779 321 3846 insol
339 3779 432 3845 nitide
445 3777 510 3844 sunt
523 3779 623 3846 recusa
681 3774 840 3844 Recensum
857 3777 975 3844 illorum
994 3775 1137 3858 exhibent,
1154 3773 1293 3861 justasque
1317 3773 1404 3840 simul
1422 3773 1457 3837 iis
1476 3769 1573 3835 leudes
1592 3767 1688 3836 adme)
1752 3801 1754 3810 ν

123 3877 244 3956 liuntur,
255 3881 324 3942 Asse
337 3879 422 3942 Erud
441 3876 586 3960 L'pfiarfia,
601 3877 646 3940 Μ
663 3851 786 3943 sebna
802 3887 872 3962 1699.
882 3897 910 3960 p.
926 3888 961 3953 63.
974 3887 1014 3955 64.
1044 3869 1046 3874 ¹
1079 3877 1187 3938 Eadem
1211 3873 1340 3949 felicitate
1356 3874 1429 3936 snm.
1446 3867 1577 3934 Boduti
1592 3867 1687 3946 open

112 3976 232 4058 emnia,
246 3993 309 4040 mm
321 3975 437 4038 antehae
452 3975 526 4038 edita
539 3976 657 4062 (phaleg
675 3977 709 4042 sc.
727 3977 760 4043 dt
772 3980 896 4058 Cenasti,
910 3975 965 4040 five
977 3977 1156 4064 Gcogrrphir
1171 3974 1251 4054 sacre,
1273 3973 1307 4038 dt
1323 3969 1542 4047 Hierozoieon'),
1556 3981 1618 4058 nrm
1638 3963 1686 4025 he·
1791 4029 1794 4038 ¹

124 4080 224 4142 denua
238 4074 353 4151 inedita,
366 4089 414 4134 aut
426 4073 527 4135 Latine
542 4095 558 4134 e
574 4077 608 4138 L.
625 4079 695 4140 Gall
714 4099 793 4144 nunc
806 4080 925 4142 donum
939 4077 1013 4140 versa
1030 4073 1287 4152 (Dissertatinncula
1298 4069 1352 4133 scil
1367 4065 1400 4130 St
1412 4064 1544 4146 Eplslolae
1558 4064 1627 4124 varii
1646 4085 1689 4127 er·
1772 4123 1775 4130 ,

9 4186 10 4191 ’
123 4172 265 4258 gementi,
284 4170 393 4231 ‘istite‘
404 4169 610 4253 quadraginta),
622 4193 680 4241 una
694 4191 760 4236 cum
778 4173 874 4256 steph.
889 4173 1001 4236 Morini
1015 4173 1059 4248 (in
1082 4167 1254 4235 Cadomcnfi
1275 4165 1346 4229 olim
1364 4165 1488 4226 Munere
1500 4157 1688 4223 Ecuefirffioo

122 4269 210 4349 ipfius
226 4267 359 4350 Collegfl)
380 4265 448 4327 Vita
463 4267 590 4346 Amoris,
605 4265 638 4331 dt
657 4269 777 4333 Perdis
798 4269 952 4332 Terrestris
972 4269 1008 4330 ad
1025 4285 1154 4330 mentem
1181 4267 1240 4348 ejus
1261 4259 1439 4338 liecnrsmne,
1459 4257 1621 4319 curantibus
1642 4275 1689 4320 eo·

124 4363 193 4425 dem
214 4363 345 4450 Morino,
365 4357 433 4444 Joh.
455 4357 669 4427 Leusdenio'&
689 4365 775 4428 Petro
800 4365 836 4427 de
858 4363 1041 4444 Villamandi,
1060 4363 1151 4428 tribus
1179 4358 1284 4426 inclusa
1298 4353 1512 4432 Volumiribue,
1541 4351 1573 4415 de
1593 4355 1690 4446 longe,

126 4480 212 4542 quam
228 4457 352 4535 antehac,
368 4457 492 4544 audiam
503 4475 587 4541 atque
604 4461 804 4543 emendatiora,
824 4461 961 4547 Lugduni
977 4465 1068 4524 Barav.
1090 4459 1122 4524 dt
1138 4457 1285 4542 Ultrajesll
1296 4459 1390 4522 lucem
1407 4451 1493 4540 tertie
1512 4452 1570 4522 dee.
1597 4454 1688 4543 1691Ε

122 4555 253 4642 aspexere
262 4555 414 4646 publisemg
431 4557 469 4640 y.
483 4553 516 4622 &
533 4556 569 4641 de
586 4555 622 4624 ise
631 4558 700 4628 Assa
710 4561 795 4629 &aa
811 4561 885 4646 lips
894 4559 1046 4650 Msssm.
1060 4560 1319 4658 A3693.p.97·1e53
