3908 5230
509 273 596 382 Cap.
615 273 661 360 X.
688 275 747 358 Da
767 272 1021 358 Grammaticis
1038 272 1332 384 lingaalatiaa.
1438 249 1463 276 k
1674 291 1718 380 aa
1723 303 1746 380 5

88 467 154 524 tur
168 447 329 526 recensio
351 445 701 547 Grammaticorum,
712 439 896 552 praecipue
910 449 1167 548 recentiorum,
1184 447 1348 548 equibus
1365 445 1456 548 quid
1470 445 1508 524 in
1523 445 1626 526 usum
1640 449 1744 528 fitum

87 549 329 646 converterit,
346 547 625 650 magnacum&
641 547 810 624 industria
825 549 1015 649 proponit.
1090 547 1326 624 Laudandum
1351 551 1389 622 in
1415 549 1489 623 boc
1502 549 1740 651 compendio,

85 645 199 744 quod
223 647 464 724 ordinatiotes
483 648 626 749 tegulas
647 645 815 746 instituat,
840 672 956 744 quarn
972 647 1048 747 ipse
1068 648 1262 748 Scioppius
1297 647 1336 722 bt
1359 645 1532 744 startias,
1562 647 1741 822 quodgue

84 747 259 848 exempla
279 747 486 848 regularum
502 743 693 822 consiliant
710 748 747 820 in
763 748 871 821 meris
886 744 1079 844 sententiis,
1096 771 1142 828 ne
1157 749 1262 846 pueri
1276 745 1393 822 inutili
1407 745 1663 843 exemplorum
1687 772 1741 824 ar·-

82 848 217 947 ragine
264 867 447 944 fatentur,
464 846 501 920 br
515 843 619 932 simul
635 843 757 920 tamen
771 869 811 920 ea
825 841 969 941 discant,
985 869 1068 942 quae
1082 841 1158 920 usui
1172 844 1241 919 else
1258 842 1402 946 polsmt
1453 843 1622 920 Placet&
1638 847 1738 946 illud,
1797 879 1801 896 ‚

83 945 197 1042 quod
257 947 438 1020 etmanico
452 945 626 1020 idiomate
639 943 924 1020 Grammaticam
937 943 1102 1026 Latinam
1117 944 1298 1043 moliatur,
1314 945 1352 1019 in
1365 941 1737 1045 usumineipientium,

83 1045 124 1120 ὅ(
140 1044 259 1142 aliam,
281 1067 352 1142 qua
364 1070 435 1137 una
456 1043 656 1141 eademque
672 1067 785 1144 opera
808 1039 943 1142 polstnt
957 1041 1128 1118 Graecam
1147 1041 1361 1120 &Latinam
1382 1043 1544 1143 linguam
1572 1061 1738 1141 tyroneS,

82 1142 286 1218 secundum
302 1141 446 1220 easdem
466 1167 505 1217 re
560 1142 619 1240 las,
636 1139 846 1244 perdiscere.
896 1139 946 1216 Et
958 1141 1177 1220 haecomnia
1194 1141 1344 1244 quidem
1366 1139 1446 1217 satia
1472 1139 1565 1215 bene
1581 1137 1740 1218 instituta

82 1241 189 1337 sunt3
236 1241 358 1317 ¹raellat
374 1246 471 1318 enim
516 1243 747 1318 'rammaticas
765 1243 983 1316 concinnare
1004 1242 1172 1316 omnium
1187 1242 1356 1340 optimas,
1373 1237 1417 1315 ad
1440 1259 1534 1337 quae
1544 1263 1735 1318 recurrere

83 1365 184 1441 puer
211 1339 424 1444 aepe'polstt.
475 1341 624 1416 Interim
640 1351 717 1446 ego
729 1341 853 1442 potius
869 1337 1046 1440 suaserim,
1058 1363 1136 1416 non
1157 1337 1223 1413 else
1244 1337 1290 1413 ab
1311 1341 1415 1414 initio
1429 1337 1634 1442 fatigandos
1649 1365 1737 1442 pue·
1865 1399 1869 1418 .

83 1465 221 1516 rorum
237 1441 448 1517 annnoshis
467 1439 730 1537 subtilitatibus,
750 1437 823 1536 sed,
849 1437 912 1512 ubi
935 1440 1056 1542 prima
1072 1437 1164 1538 jaira
1185 1437 1265 1516 sunt
1288 1437 1493 1514 rudimenta
1516 1438 1735 1530 Declinatio-
1765 1471 1766 1476 ¹

84 1564 193 1638 num,
207 1539 534 1642 Conjugationum,
551 1541 891 1641 ptaecipuarumque
904 1536 1139 1638 Regularum,
1156 1537 1292 1614 tetrius
1308 1536 1371 1612 usu
1382 1536 1473 1636 ipso,
1491 1561 1600 1635 quam
1618 1538 1737 1614 multi-

84 1639 217 1714 tudine
259 1663 350 1714 raece
379 1661 515 1734 torum,
527 1636 680 1737 perdilei
702 1637 867 1739 linguam
885 1637 1060 1734 Latinam,
1076 1661 1172 1738 pene
1189 1637 1236 1712 ad
1251 1661 1335 1712 eum
1350 1633 1533 1735 modum,··
1546 1661 1623 1734 quo
1648 1637 1736 1714 Nic.

86 1667 295 1816 Clenardus
333 1735 726 1836 'uselbdequbalibi
773 1735 964 1817 Habemus
978 1735 1295 1832 quidemaJoa.
1320 1735 1526 1810 Gronau
1549 1736 1735 1836 Sertor-

84 1861 135 1914 ot
154 1838 302 1937 alicujus
319 1839 418 1914 vatia
432 1837 648 1912 adminicula
669 1836 706 1908 dt
726 1843 870 1910 tirocinia
888 1841 1115 1934 Grammatico,
1137 1833 1198 1916 scal
1221 1835 1395 1912 lutulenta
1418 1831 1498 1910 sunt
1527 1833 1605 1930 illa,
1627 1835 1667 1910 at
1689 1835 1734 1910 ab
1836 1875 1851 1916 ,-

84 1937 243 2014 homine
258 1939 332 2035 ejus
346 1935 481 2037 linguar
496 1959 573 2010 non
586 1929 787 2010 admodum
800 1958 919 2035 gnaro
931 1931 1078 2034 scripta:
1106 1935 1172 2008 vix
1184 1936 1307 2032 itaque
1321 1932 1485 2016 adhiberi
1497 1929 1656 2032 possunt,
1670 1932 1737 2011 nili

83 2035 211 2136 probe
230 2035 423 2112 emaculare
436 2033 476 2110 bt
491 2055 721 2138 perpurgata
771 2030 890 2134 Qtod
906 2029 1005 2112 idem
1021 2033 1200 2132 judicium
1220 2031 1267 2106 de
1287 2033 1382 2127 Jort.
1407 2032 1558 2108 Aliost
1583 2029 1749 2108 Coma«

83 2159 152 2208 uu
180 2139 293 2232 Janaa
307 2132 510 2228 serendum,
531 2133 613 2206 licet
623 2155 664 2206 ea
677 2130 799 2207 multis
813 2131 1005 2231 probetur,
1021 2133 1058 2207 ἃ
1073 2129 1225 2232 ipsemet
1252 2132 1465 2233 apologiam
1485 2131 1564 2230 ejus
1588 2127 1733 2232 seripse-

82 2236 143 2310 rit.
199 2234 296 2308 Non
310 2235 412 2307 citius
448 2228 754 2310 barbarismorum
774 2229 905 2306 scabies
927 2229 1119 2328 affricatut,
1144 2233 1391 2332 quamprimo
1419 2231 1475 2304 illa
1495 2227 1730 2330 institutione,

82 2333 295 2430 majorique
307 2333 461 2434 negotio
480 2353 537 2406 res
564 2326 767 2426 dediscitur,
785 2351 897 2426 quam
919 2327 1074 2408 discitur.
1125 2327 1246 2404 Aliam
1267 2334 1411 2428 Janaam
1434 2333 1636 2430 Lingaaam,
1649 2400 1652 2408 ,
1666 2355 1733 2406 no.

84 2433 191 2506 mine
219 2431 475 2514 Hibernorum
504 2427 831 2510 salmanticenfium
858 2427 1080 2526 jesuitarum,
1104 2453 1127 2504 a
1150 2427 1314 2508 Gutta.
1348 2427 1532 2504 Brrrao
1558 2427 1732 2528 quodam,

82 2531 163 2628 ejus
178 2529 362 2610 societatis
381 2530 565 2627 Hiberno,
577 2525 798 2608 Salmantiaae
814 2525 886 2603 An.
900 2531 1003 2602 1611.
1016 2525 1165 2621 editam,
1182 2528 1219 2601 a<
1233 2527 1279 2602 ad
1297 2528 1459 2604 Latinam
1472 2529 1657 2627 praecipue
1671 2528 1736 2604 lin-

84 2627 540 2731 guam-accommodatam,
558 2623 669 2704 refert
683 2623 840 2698 Placcius
854 2632 887 2696 ia
902 2626 1000 2696 Catal.
1020 2622 1165 2722 Pseudon.
1175 2645 1208 2724 p.
1224 2649 1286 2706 207.
1311 2624 1422 2720 idque
1436 2647 1531 2724 opus
1557 2627 1735 2726 aphilip.

85 2753 139 2828 po
156 2727 378 2830 Alegambio
389 2725 601 2804 admirabile
613 2721 739 2800 vocari
753 2741 909 2796 annotat.
981 2721 1075 2822 Legi
1095 2723 1202 2795 ‘etiam
1226 2719 1272 2795 de
1293 2745 1333 2796 re
1348 2723 1592 2798 Grammatico
1613 2723 1736 2822 potest

87 2827 195 2904 Calli
208 2828 284 2904 Sec.
299 2826 472 2901 Curionis
483 2821 687 2902 Dissertatio
706 2819 746 2894 air
759 2819 902 2918 Parsaiio
917 2825 1140 2903 Grammatico,
1155 2818 1270 2896 tribus
1288 2819 1386 2896 libris
1401 2817 1565 2916 dedudia,
1589 2820 1629 2896 ἃ
1646 2822 1737 2920 ejus-

87 2925 175 3002 dem
188 2928 228 3005 da
247 2931 363 3002 lateas
376 2923 576 3024 Mnaaqar
589 2922 704 3020 puerili
725 2916 809 2993 libri
830 2919 876 3001 V,
903 2917 941 2994 ὃ(
962 2917 1101 2995 libellus
1124 2919 1162 2994 da
1182 2927 1303 2991 ratione
1331 2919 1460 2991 docendi
1480 2925 1734 2993 Grammart‘cam.

89 3022 313 3102 Caramuelis
329 3024 367 3102 bt
383 3021 626 3122 Campanellae
648 3025 864 3099 Gramntatajca
873 3009 1064 3119 nugatoria
1081 3014 1143 3116 est,
1158 3016 1196 3093 δι
1245 3041 1312 3092 ene
1325 3017 1482 3095 fanatica.
1533 3047 1538 3059 ’
1579 3013 1599 3100 J
1632 3095 1637 3100 ,

191 3123 250 3200 De
266 3125 443 3226 particula,
468 3143 622 3218 quarum
642 3113 894 3197 accuratillinra
916 3117 1081 3218 cognitio
1112 3115 1181 3194 else
1205 3043 1326 3214 deber,
1349 3137 1504 3218 egerunt
1526 3117 1732 3196 Hadrianus
1748 3145 1790 3198 rt

89 3223 304 3321 Cardinalis,
350 3222 494 3320 Pareus,
534 3218 711 3316 Duterus,
751 3215 912 3296 Godtctt
947 3215 1181 3316 Stewechius,
1230 3215 1363 3290 Horat.
1401 3217 1640 3295 Tursellinus:
1669 3222 1735 3316 qui

89 3323 221 3400 omn'es
244 3321 438 3424 diligenter
453 3317 630 3422 legendi.
692 3316 780 3392 Ant.
801 3315 933 3390 Schoti
952 3316 1043 3390 libet
1068 3317 1106 3384 da
1123 3318 1299 3414 particulis,
1322 3335 1363 3388 ut
1386 3315 1460 3412 jam
1481 3315 1587 3416 supra
1616 3323 1736 3394 moni·

90 3443 183 3521 tum,
213 3446 401 3520 nunquam
422 3419 572 3519 prodiit.
670 3419 845 3518 rogantes
868 3435 973 3510 vet0,
993 3435 1128 3512 prater
1149 3413 1302 3512 Vallem,
1316 3413 1367 3488 ⁴&
1391 3416 1455 3510 qui
1477 3417 1515 3494 'tn
1534 3439 1618 3492 eum
1639 3443 1738 3492 com.

91 3523 244 3600 mentati
264 3518 356 3618 sunt,
385 3518 535 3619 collegit
559 3516 626 3590 Fu
644 3538 664 3592 a
679 3539 705 3590 u
719 3539 741 3587 c
757 3537 769 3587 t
784 3537 835 3590 se
848 3535 880 3595 tt
894 3511 918 3588 s‘
936 3512 959 3586 S
975 3534 997 3585 r
1012 3534 1070 3584 ov
1085 3531 1136 3588 ru
1149 3535 1179 3608 s,
1202 3511 1379 3596 artabantur,
1400 3511 1447 3586 de
1471 3535 1549 3610 quo
1575 3515 1665 3588 illud
1685 3519 1737 3590 in-

92 3624 223 3720 primis
245 3639 372 3696 notatu
397 3615 565 3718 dignum,
587 3612 702 3712 quod,
731 3635 815 3694 cum
836 3613 938 3712 ptius
960 3608 1124 3706 bottide,
1149 3609 1356 3709 insolenter,
1387 3611 1426 3686 da
1452 3613 1498 3688 ad
1518 3612 1735 3696 claustralem

93 3743 208 3818 usque
223 3712 569 3811 sertorembatbare,
590 3709 787 3814 scripsisset,
808 3714 901 3793 adeo
918 3732 1039 3789 tamen
1052 3707 1169 3790 sedula
1182 3709 1370 3786 botrorum
1382 3709 1590 3790 Attiioruni
1614 3713 1738 3790 tra'cla·

95 3821 195 3894 tione
211 3805 536 3892 sermonetn‘suum
550 3811 808 3908 emendaverit,
828 3832 868 3888 ut
880 3807 951 3888 ase
970 3829 1067 3884 totus
1083 3806 1255 3905 diversus,
1280 3811 1318 3884 ὃ(
1336 3809 1423 3884 alius
1442 3811 1547 3908 plane
1559 3813 1738 3912 Scriptor,

95 3918 191 3994 risus
204 3915 265 3992 lit:
307 3917 456 4012 aliisque
473 3911 614 4012 regulas
629 3907 909 4006 haudquaquam
923 3905 1207 3986 contemnendas
1222 3907 1381 3985 dederit:
1412 3933 1487 4005 qua
1506 3909 1552 3982 de
1574 3933 1613 3984 re
1628 3911 1737 3986 Fran·
1839 3915 1847 3924 '

97 4017 205 4094 riscus
229 4013 407 4090 Vavalsor
431 4014 469 4084 a
489 4016 679 4110 Epigramm.
721 4016 817 4093 ,asa
835 4006 902 4108 saa.
927 4007 1001 4108 legi
1022 4003 1149 4106 potest.
1211 4006 1515 4082 Auausrruus
1540 4005 1739 4108 Darem,

97 4113 271 4210 Senensis,
296 4107 487 4192 Orator&
519 4106 664 4186 Philoso
694 4029 776 4208 dus,
802 4129 993 4180 atavorum
1007 4107 1183 4184 memoria
1195 4107 1335 4207 ingenii
1357 4106 1394 4180 ὃ(
1419 4105 1637 4203 eloqueuiiae
1663 4133 1742 4184 non

46 4255 47 4260 =
98 4213 449 4315 vulgaris-Serippo,
469 4131 775 4306 juxtassarrbium
796 4201 1024 4303 Adorrfhria'b.
1046 4202 1184 4280 L111.c.
1201 4229 1264 4295 x13.
1289 4229 1372 4307 pag.
1397 4229 1496 4302 2513.
1518 4206 1556 4281 bt
1581 4203 1655 4307 ipse
1675 4210 1742 4278 Ela-
1822 4257 1826 4268 ,

96 4322 221 4409 garriat
244 4310 358 4389 edidit
399 4309 460 4388 sed
484 4329 562 4406 quae
587 4304 694 4380 multi
721 4301 814 4378 adeo
845 4304 953 4404 pretii
983 4325 1059 4378 non
1082 4301 1174 4399 sunt,
1203 4327 1287 4376 cum
1311 4301 1462 4406 ipsemet
1483 4303 1627 4380 Auiiot
1655 4328 1740 4390 con-

104 4431 155 4484 tta
181 4413 255 4501 illas
276 4371 374 4489 haud
396 4433 482 4482 tato
505 4425 643 4508 peccet
718 4401 878 4478 Pertinet
900 4397 1135 4498 quoquehuc
1159 4403 1299 4502 Jacoa
1306 4428 1316 4476 1
1342 4403 1517 4476 Luoov.
1544 4403 1739 4480 Sraaarrt

105 4511 140 4582 da
154 4509 320 4600 variarum
342 4508 492 4594 attalam,
516 4501 558 4581 &⁴
583 4499 992 4675 collatiaatorarorliglibti
1017 4499 1179 4597 libold.
1204 4502 1366 4604 15390i11
1389 4500 1577 4616 publicam
1605 4502 1739 4680 timidi:
1826 4577 1827 4582 ,

59 4633 64 4642 ·
910 4623 968 4678 nn
992 4623 1097 4676 nnz
1184 4633 1189 4640 ·
1643 4627 1745 4682 arat
