4006 5236
363 217 366 224 v
415 277 495 382 Cap.
529 275 567 358 X
571 273 634 380 XI.
682 271 744 353 De
759 274 927 355 Locorum
945 275 1184 356 Communium
1197 273 1446 382 Scipionibus.
1539 321 1544 335 ·
1685 316 1757 391 251

105 449 208 553 giulio
214 505 226 547 ,
253 473 271 526 a
300 447 501 524 ureteras
515 449 760 533 occurrenrir3
784 443 846 520 fed
867 446 1023 522 nimium
1039 445 1162 524 brevis
1181 445 1285 524 estin
1299 447 1514 552 colligendis
1527 451 1611 543 list·
1643 459 1756 534 multa

106 551 202 622 enim
222 473 429 625 oblcur'iora
442 545 533 644 sunt,
547 571 657 643 quam
673 567 714 622 ut
728 543 775 620 sic
796 543 912 630 statim
940 546 1095 647 intelligi
1108 547 1251 648 poffinr.
1299 548 1371 624 Sed
1384 549 1427 624 ab
1441 550 1509 626 'illis
1528 551 1626 630 forte
1648 555 1694 630 ad
1708 556 1755 632 E

103 646 207 745 rasori
223 643 558 730 Chilindesreinitti
570 641 778 748 poffumiis:
801 642 1142 746 titulisuntmagna
1156 672 1239 722 cura
1252 645 1314 720 dis
1333 646 1425 748 ositi,
1438 649 1545 750 quod
1567 658 1754 756 optimum
1781 711 1811 732 ...

103 749 139 822 iii
151 745 226 840 hoc
239 743 420 840 libtoest..
461 743 639 820 Ceterum
654 747 778 820 omnia
790 743 1074 857 illerefcrnntut.
1087 743 1230 848 Adigia
1244 746 1283 820 dt
1301 673 1488 850 ddagialia
1510 749 1584 828 sine
1606 755 1751 832 Autore

104 841 253 945 &teste
292 846 396 942 quod
411 843 491 920 fieri
506 866 625 920 tamen
645 869 724 918 non
737 841 909 923 debebat:
947 841 1013 920 iusi
1034 845 1132 918 enim
1157 842 1256 958 apud
1283 845 1444 922 Antores
1466 850 1765 932 rellttmeorum'

101 943 201 1020 usum
215 947 402 1043 inquirere
416 941 603 1046 pellimus,
621 939 838 1032 frustraneus
854 945 914 1020 ille
926 941 1029 1018 labor
1054 939 1116 1042 cll,
1129 941 1262 1018 deinde
1282 943 1412 1040 dubius
1423 947 1566 1051 semper
1582 959 1665 1052 quis
1679 956 1754 1033 lure
1842 1001 1853 1010 ·

101 1066 165 1144 ret,
183 1069 230 1120 aii
246 1067 379 1120 vetum
392 1043 435 1119 sit
454 1042 661 1144 Adagium,
689 1065 815 1140 quove
834 1039 1211 1142 sensuusurpandum.
1292 1043 1411 1121 Multo
1427 1039 1577 1146 quoque
1600 1053 1754 1134 afferun.

102 1167 167 1244 tur,
185 1169 272 1242 quae
297 1139 531 1246 Adigiorum
551 1144 701 1216 nomine
717 1165 795 1216 non
817 1140 928 1244 digno
947 1138 1046 1214 sunt:
1070 1140 1163 1215 liber
1184 1143 1329 1218 interim
1353 1168 1430 1224 non
1449 1153 1741 1232 contemnendus

103 1245 196 1418 gius
211 1243 331 1356 oehffl..
345 1237 372 1316 si
385 1245 468 1340 qais
483 1255 661 1414 pquteiiat,
680 1261 790 1360 atque
805 1241 872 1338 illa,
886 1239 1073 1337 inquibus
1093 1237 1226 1340 deficit,
1249 1240 1430 1348 suppleat,
1452 1250 1668 1352 praeclarum
1694 1215 1754 1330 illd

138 1361 731 1543 pullicrlltelgltmdtrllffirdlibdrgia,
751 1424 906 1537 aliosque
922 1410 1114 1518 sententias
1136 1441 1397 1544 proverbiales,
1424 1443 1585 1548 Graecas,
1599 1447 1753 1553 Latinas,
1773 1475 1820 1551 73

103 1542 342 1618 Germanicas
367 1537 431 1615 sub
453 1538 561 1614 certis
582 1539 771 1612 Locorum
796 1539 1064 1614 Communium
1089 1541 1199 1616 titulis
1231 1539 1484 1636 JOSEPHUS
1508 1547 1741 1640 LANGIUS

126 1667 178 1718 uae
198 1639 444 1744 Argentorati
459 1637 574 1714 Anno
587 1648 692 1731 1596.
701 1640 743 1710 in
755 1651 833 1722 8vo
848 1635 1013 1740 imprellii
1031 1638 1141 1716 sunt„
1175 1639 1296 1716 lLoci
1315 1665 1408 1716 vero
1425 1643 1475 1718 illi
1490 1653 1660 1752 concepti
1675 1614 1754 1728 suut²
1773 1673 1824 1750 74

104 1667 299 1854 derandum
314 1736 441 1858 seriem
456 1735 564 1835 illam,
582 1759 691 1834 quain
702 1735 883 1852 sturmius
902 1739 993 1812 olim
1011 1741 1235 1842 excogitavit
1266 1741 1304 1816 dt
1318 1743 1356 1816 iit
1372 1745 1597 1846 compendio
1610 1745 1675 1824 suo
1687 1749 1757 1826 'La-

19 2009 22 2020 .
106 1863 186 2040 li
200 1833 1179 2039 llllffsirlissllll¹lssliss⁰i⁸blitildis
1197 1843 1616 2022 {militabitur
1647 1845 1755 2024 ‘ill

105 2035 489 2212 P⁰”}‘”‘·li¹¹³‘¹¹⁰dd⁰f¹·
504 2029 790 2208 idliliilse
804 2035 1165 2210 ἓὲῗὲῗΜῗᾞὶιβθά
1183 2033 1245 2112 Ad
1295 2039 1341 2138 ³²²
1359 2061 1443 2160 ‘³¹¹⁹‘
1457 2039 1502 2155 aa
1516 2047 1631 2125 llll
1648 2045 1757 2220 qia

106 2163 163 2312 dls
194 2157 843 2347 1dlicbjuesrentellllrique·glaneraddus
864 2157 1066 2309 illlsutltullis
1079 2157 1755 2346 ipuqqqppqaqppgmffiafqppqqqdqq

107 2337 282 2440 langius:
307 2259 433 2410 leldilli
454 2353 640 2434 pauciores
657 2330 749 2430 sunt,
767 2331 954 2430 lanaeque
968 2333 1090 2434 plures
1106 2339 1352 2432 requiruntur.
1683 2367 1684 2372 ¹
1749 2341 1753 2354 '
1904 2415 1907 2421 ,
1982 2407 1983 2416 ,

202 2435 296 2512 Dixi
307 2431 426 2534 liipra,
440 2427 666 2506 hemistichia
680 2451 742 2506 aut
756 2399 880 2506 verilis
896 2435 1062 2533 integros
1082 2431 1278 2508 Poetarum
1292 2433 1445 2552 Adagiis
1468 2441 1692 2556 aequiparari.
1717 2443 1755 2518 Si

110 2539 183 2634 quis
202 2537 247 2611 iis
260 2529 463 2610 commode
476 2551 795 2634 utinm-magnam
816 2527 1030 2633 elegantiam
1050 2531 1216 2606 conciliat
1232 2532 1402 2634 sermoni,
1426 2540 1592 2652 inprimis
1612 2539 1756 2642 Episto»

110 2636 159 2733 lis,
174 2631 287 2710 'ac'il'ri
301 2629 449 2707 dicendi
463 2631 600 2733 ceneri,
609 2629 712 2726 quod
726 2651 884 2704 numero
899 2630 938 2704 dt
953 2630 1116 2728 periodis
1130 2654 1207 2704 iion
1219 2631 1364 2707 morose
1382 2636 1489 2711 nimis
1503 2635 1755 2741 adstringitur:
1868 2705 1871 2718 .
1928 2650 1933 2658 '

112 2759 190 2810 nain
207 2738 246 2810 in
264 2733 446 2830 oratione¹
469 2732 541 2805 etia
569 2730 627 2803 vel
659 2729 796 2826 nullus,
836 2728 897 2802 vel
921 2752 1169 2816 minaeorum
1186 2727 1276 2806 usus.
1320 2735 1373 2780 ⁴*
1391 2731 1454 2806 Est
1478 2757 1570 2809 vero
1599 2742 1755 2810 Honerus
1777 2754 1824 2827 75

112 2828 274 2908 omnium
288 2833 485 2908 Poetarum
507 2829 612 2906 Pater
626 2829 663 2903 dt
678 2825 863 2926 Princeps,
877 2826 1041 2922 adeoque
1057 2825 1197 2928 Adagia
1210 2827 1327 2926 aliqua
1339 2854 1385 2908 ex
1397 2831 1459 2906 illo
1479 2831 1629 2908 colleila
1645 2859 1757 2910 venui
1799 2915 1804 2925 ,

112 2929 215 3007 stiora
228 2955 306 3034 prae
321 2933 450 3008 ceteris
467 2928 558 3030 sunt.
631 2925 758 3002 Edidit
773 2925 892 3022 itaque
915 2925 934 3020 J
952 2923 1196 3028 ACOBUS
1221 2925 1575 3029 DUPORTUS,
1625 2931 1757 3024 Canta·

113 3029 308 3132 brigiensis,
325 3031 469 3106 Graecae
485 3029 670 3130 linguaein
690 3023 884 3098 Academia
898 3023 954 3098 illa
979 3020 1176 3122 Professor,
1205 3031 1433 3128 Gnomologi‘um
1448 3032 1589 3115 Homeri,
1625 3031 1757 3109 Canta·
1801 3119 1803 3128 Ι
1885 3121 1888 3128 ,

117 3129 240 3230 brigiae
256 3131 327 3206 Ati
337 3161 341 3166 ·
352 3155 362 3202 i
372 3130 593 3225 660.inut0.=
639 3124 706 3198 Illo
722 3125 760 3196 in
774 3121 868 3212 libio
886 3121 949 3213 sub
964 3125 1076 3200 titulis
1099 3126 1206 3201 certis
1218 3125 1367 3230 collegit
1378 3127 1568 3206 sententias
1582 3128 1757 3211 Homeri·

118 3253 179 3324 cas,
199 3253 352 3327 quarum
372 3231 500 3326 aliquae
521 3223 754 3328 Adagiorum
777 3221 921 3297 titulum
953 3243 1161 3318 merentur3
1185 3225 1313 3322 aliquot
1338 3246 1477 3304 tantum
1502 3225 1758 3312 stutendatum

117 3352 256 3404 nomen.
305 3324 508 3403 Laudabilis
528 3346 678 3422 quoque
692 3319 750 3394 ille
762 3320 865 3396 labor
881 3317 931 3396 est
948 3345 1026 3396 eam
1043 3322 1093 3398 ob
1113 3321 1260 3424 causam,
1283 3323 1386 3422 quod
1409 3323 1593 3430 duplicem
1612 3331 1760 3430 paralle-
1780 3379 1781 3384 =

116 3426 250 3503 lilinum
264 3426 448 3526 adjecerit,
466 3449 581 3500 unum
598 3448 618 3497 e
635 3421 723 3496 locis
741 3419 774 3495 S.
795 3421 872 3495 Scri
901 3437 1010 3518 t‘urae,
1051 3420 1182 3518 quibus
1202 3423 1365 3498 Gnomae
1384 3423 1595 3504 Homericae
1612 3427 1674 3504 vel
1685 3428 1758 3508 affi-

119 3551 188 3628 nes,
201 3527 264 3602 vel
280 3552 359 3602 non
372 3525 560 3621 absimiles,
577 3523 729 3597 alterum
744 3543 763 3593 e
778 3447 973 3633 gen-tdibus
989 3521 1249 3635 scriptoribus,
1273 3521 1407 3621 Poetis,
1428 3521 1668 3622 Oratoribus:
1700 3529 1759 3605 acl·
1826 3531 1828 3538 '

119 3623 203 3702 didit
217 3623 345 3728 palliin
363 3626 484 3701 Notas
499 3623 660 3698 Criticas.
714 3617 875 3716 SubJecit
901 3620 1080 3791 triplicem
1103 3617 1277 3720 indicem,
1300 3619 1567 3726 sententiarum,
1587 3626 1758 3726 locorum
1828 3723 1830 3729 ,

123 3723 320 3828 Scripturae,
334 3727 372 3802 ἃ
388 3721 664 3817 vocabulorum,
679 3715 836 3814 ideoque
850 3741 928 3792 non
958 3718 1058 3791 olum
1071 3720 1110 3792 in
1123 3719 1340 3816 eloquentiae
1355 3718 1470 3821 usum,
1482 3721 1545 3798 sed
1559 3723 1597 3800 δι
1610 3725 1655 3800 ad
1676 3751 1758 3804 exe-

125 3819 170 3896 lin
184 3823 550 3904 commendarilaboi·
568 3819 626 3896 ille
640 3815 771 3920 potest.
821 3817 943 3918 *Quo
961 3817 1228 3918 argumentose
1251 3819 1500 3898 Zaciiritias
1522 3823 1757 3926 Ronanus,
1779 3833 1830 3920 76

129 3921 271 4028 Anglus,
282 3923 456 4000 exhibere
469 3921 597 3997 voluit.
617 3917 717 4016 cujus
732 3922 1000 3998 eutatfiomerur
1016 3914 1203 4006 Hibraizon,
1221 3941 1297 4014 quo
1311 3920 1349 3995 iti
1365 3919 1460 3994 libro
1477 3921 1627 4032 collegit
1651 3926 1759 4023 phra-
1869 3979 1870 3982 ,

129 4019 421 4100 seosiiomericae
436 4041 630 4118 textusque
646 4015 821 4091 Hebraici
835 4015 873 4090 dt
887 4013 1012 4090 Graeci
1027 4015 1066 4088 in
1081 4014 1114 4090 S.
1131 4013 1272 4092 Codice
1290 4017 1552 4117 parallelisnios.
1627 4022 1651 4064 ὕ
1676 4023 1759 4096 lmi-
1780 4045 1830 4122 77

130 4122 372 4200 ratusvidetur
396 4111 673 4196 Mic‘i'rantnit
696 4115 966 4194 Nriuoituoi
989 4111 1181 4213 Duportus
1200 4115 1325 4190 inhoc
1345 4113 1384 4192 O
1414 4140 1488 4216 ete,
1517 4117 1621 4216 cujus
1635 4141 1760 4199 extorii
1831 4125 1832 4129 ’

131 4215 225 4320 super
265 4223 388 4297 varios
430 4219 560 4320 Poetae
605 4213 760 4298 Graecos
806 4219 964 4314 Excerpra
997 4211 1204 4312 sturmiofir,
1240 4238 1319 4295 non
1383 4215 1572 4294 cholerum
1619 4242 1761 4298 tuntum

130 4315 221 4408 borio
242 4319 434 4423 publicata,
466 4317 526 4394 sed
561 4313 599 4392 dt
631 4315 734 4412 viris¹
752 4309 828 4386 usui
864 4309 994 4398 futura.
1066 4311 1289 4396 *Habemus
1309 4312 1353 4394 ab
1377 4313 1441 4392 illo
1468 4319 1564 4390 lucos
1581 4325 1761 4394 Cominuiier
1783 4335 1832 4422 78

132 4419 343 4536 Philosopbi'cos
375 4425 508 4503 Grecos,
541 4415 584 4490 Li
612 4411 670 4488 siae
706 4425 810 4510 1588.
841 4437 861 4485 a
890 4407 1065 4512 discipulo
1096 4411 1182 4510 ejus,
1213 4411 1382 4506 Joliunne
1411 4413 1609 4515 Vollando,
1633 4418 1764 4518 editos,

130 4518 317 4622 inquibus
354 4515 538 4597 sententiae
639 4507 762 4595 versus
792 4507 837 4590 ad
867 4513 1044 4684 moraleqrr
1076 4507 1281 4602 dedititiam
1310 4512 1536 4616 pertinentes
1567 4515 1766 4668 habqntum

300 4646 305 4655 ·
1026 4634 1085 4684 12
1683 4641 1771 4699 item
