3980 5236
488 278 568 376 ap,
600 266 700 354 XIV.
723 267 783 348 De
806 229 890 348 altis
911 268 1123 351 erudiremur
1135 270 1381 376 societatibus.
1654 302 1725 384 132

87 445 167 520 haus
179 444 219 520 ln
235 443 392 559 eleganti
402 443 515 542 libro,
536 443 596 518 cui
609 441 749 518 titulus:
775 441 933 514 Medicina
950 448 1068 531 mmris,
1082 441 1126 516 ii
1145 451 1310 544 corporis,
1337 435 1393 514 lus
1407 470 1427 516 r.
1442 461 1531 544 pert.
1546 465 1580 537 3.
1601 448 1665 542 qui
1685 449 1723 522 in
1746 531 1751 540 ¹

87 543 192 620 stubs
205 546 413 643 inquirens,
438 568 548 640 quare
561 545 600 616 in
616 537 818 642 indaganda
839 542 988 616 veritate
1002 537 1094 616 adeo
1111 543 1236 642 exigui
1255 540 1323 616 sint
1346 541 1554 656 progrellus
1569 604 1579 642 ,
1597 549 1723 644 preci-

86 668 151 746 pue
168 645 206 716 in
219 641 444 738 Academiis,
458 639 609 718 eandem
624 635 788 736 adducit,
803 635 906 735 quod
920 638 1085 738 plerique
1101 639 1270 714 homines
1287 664 1363 714 non
1378 636 1429 714 sur
1450 643 1560 716 animi
1581 644 1724 720 inclina
1795 717 1799 725 ,

87 747 194 820 tiones
213 741 250 816 ἃ
267 739 397 816 duiius
415 737 616 838 sequantur,
629 738 814 849 praecipue
827 735 894 833 illi,
911 739 975 832 qui
993 739 1030 810 in
1046 735 1222 838 Collegiis
1247 739 1388 813 vivunt.
1458 739 1511 815 lta
1529 743 1627 816 enim
1649 743 1725 818 ille:

16 919 18 928 Ι
89 849 145 944 Qi
163 833 472 937 fieus'incliuctiones
488 837 591 936 secreti
613 841 715 934 sicut,
750 837 863 905 velex
891 835 1049 930 instituto,
1087 839 1138 906 vei
1152 838 1293 932 sortuuo
1315 839 1361 933 βε
1390 838 1584 938 disponente,
1619 851 1726 940 rotagici

87 961 164 1012 certe
186 947 251 1009 oiri
265 938 347 1036 suin
369 935 483 1020 babiti,
505 937 677 1035 micttdoque
697 929 862 1004 exhibuere
882 935 1060 1034 fingnloric.
1110 939 1205 1018 Hoc,
1251 939 1283 1003 ui
1306 959 1489 1034 magnorum
1514 946 1657 1010 virorum
1679 949 1726 1012 ui-

90 1061 133 1112 tn
150 1039 340 1140 petiegerit,
365 1063 383 1107 o
403 1045 477 1106 time
494 1035 628 1128 firmato
658 1039 792 1103 inuntiet
805 1059 819 1100 .·
850 1057 921 1102 cum
946 1051 1059 1103 contro
1082 1052 1132 1106 tot
1154 960 1338 1116 Aeolon,
1363 1053 1413 1104 tot
1437 1060 1587 1106 euentum
1607 1035 1725 1134 abstem-

85 1160 134 1240 pto
157 1157 320 1237 tempore,
415 1133 466 1206 t'ot
490 1137 614 1234 collegio
636 1139 804 1216 virorum,
825 1129 936 1226 sludiit
958 1155 1054 1230 quam
1077 1129 1235 1228 enixffnu
1264 1129 1529 1218 incumbentium,
1579 1136 1725 1234 antifona

16 1313 17 1318 χ
88 1257 202 1308 tmnmt
226 1233 337 1320 nobie,
366 1236 498 1306 odorrem
518 1235 702 1332 pierumqrn
726 1237 874 1312 iumenta,
910 1231 969 1300 aiio
993 1229 1123 1313 ordine,
1153 1239 1210 1300 cui
1236 1239 1463 1302 commentariis
1486 1157 1730 1328 iliulsiatmud

87 1337 261 1433 discentium
283 1333 371 1432 ufiem
393 1330 533 1432 despofito
558 1329 750 1401 tradiderint
757 1356 771 1410 ,·
794 1329 870 1400 nibil
894 1345 1021 1410 autem,
1050 1329 1226 1429 quodcum
1244 1336 1377 1400 inventis
1399 1329 1655 1429 illustrffniorum
1679 1343 1726 1406 ui·

85 1461 188 1508 rorum
211 1452 435 1532 comparetur,
460 1457 498 1500 nc
522 1429 623 1500 dicam
647 1427 858 1526 equtpoileot‚
881 1428 1098 1497 multominus
1142 1429 1255 1498 cineam
1275 1437 1445 1528 preripiot.
1519 1435 1610 1502 Ccrtc
1634 1433 1725 1528 htcjm

86 1543 128 1605 rei
150 1543 233 1605 ratio
260 1557 322 1602 non
343 1531 383 1626 esi
407 1531 486 1622 alio,
508 1553 604 1627 quom
629 1525 717 1626 quod
734 1527 877 1624 plerique
893 1531 1041 1624 proprior
1064 1448 1274 1596 inclnationet
1297 1524 1334 1596 ob
1359 1526 1550 1625 necessariam
1569 1537 1641 1600 vite
1655 1530 1726 1628 sus·
1751 1527 1756 1536 ⁴

85 1642 282 1706 mutationem
310 1638 368 1702 viu
388 1645 562 1728 potuerunt
576 1619 691 1724 fi’qm',
711 1643 787 1694 reciet
809 1631 951 1724 optarint
976 1633 1128 1708 maxime,
1151 1626 1202 1694 nel
1213 1678 1223 1708 ,
1247 1625 1334 1724 qnod
1352 1652 1414 1696 uno
1436 1652 1508 1696 cum
1523 1627 1634 1722 studiis
1658 1655 1725 1700 cer·

84 1751 115 1804 to
136 1729 274 1828 adsimili
289 1721 429 1825 suerunt
452 1734 524 1797 vite
570 1731 678 1806 eneti,
712 1724 757 1794 od
779 1723 867 1822 quod
888 1727 980 1814 truite
998 1741 1134 1822 propter
1165 1742 1227 1792 tem
1249 1730 1311 1792 oris
1340 1733 1505 1824 penuriam
1529 1726 1627 1798 coedi
1648 1730 1725 1821 sue·

82 1849 157 1902 run
180 1830 374 1910 attendere3
397 1843 453 1896 citt
474 1751 568 1923 quod
587 1821 632 1893 od
646 1821 750 1916 sladen
772 1828 914 1902 attinet,
938 1844 974 1891 ec
998 1841 1123 1892 emtum
1149 1745 1288 1893 traiilcre
1312 1822 1409 1893 evodi
1436 1823 1536 1922 fient,
1583 1851 1626 1895 ue
1649 1825 1725 1926 ipso·

17 1955 18 1976 ¹
81 1955 150 2000 reon
168 1937 263 2029 georio
286 1923 403 1998 direiie
426 1917 682 2020 adversabantur.
732 1919 829 2018 Quod
847 1918 924 1989 adeo
938 1944 1049 1990 verum
1065 1921 1134 2016 esi,
1157 1939 1197 1990 ut
1217 1945 1258 1988 ex
1277 1922 1380 1992 altero
1395 1940 1491 2021 porte
1515 1851 1649 1993 oiebrim
1673 1925 1725 1996 tc·
1763 1941 1765 1946 ’

81 2035 172 2100 κόπω
205 2027 376 2100 adniodum
404 2022 520 2104 rudes,
558 2025 614 2119 qui
628 2015 753 2120 smtper
771 2023 935 2119 propriam
958 2025 1053 2088 ommi
1075 2019 1300 2088 inclinationem
1319 2017 1357 2088 ab
1380 2027 1506 2090 ineunte
1527 2039 1618 2090 etate
1634 2023 1724 2118 fietu

79 2137 105 2207 η’
115 2124 217 2224 func,
239 2151 274 2198 eo
292 2119 490 2224 persei'lintit
517 2115 654 2216 evuſsffiu
678 2137 743 2204 ut,
768 2117 855 2218 quod
876 2119 971 2186 oculis
995 2115 1203 2218 inspicerent,
1232 2117 1269 2187 id
1288 2116 1427 2190 monibus
1441 2119 1585 2213 feliciter
1610 2119 1724 2216 efficere

72 2225 190 2328 seirent
201 2255 217 2312 ,-
254 2228 327 2295 licet
343 2220 473 2316 suerint
494 2215 631 2313 destituti
653 2212 781 2318 speciali
804 2215 941 2316 magistri
970 2213 1226 2300 monteduiiioue,
1261 2241 1322 2288 non
1339 2217 1403 2315 fine
1424 2224 1559 2290 morium
1578 2217 1640 2290 tec
1662 2244 1724 2293 nou

80 2327 308 2400 mentientium
332 2325 504 2402 recitatione.

178 2521 266 2600 Hos
284 2515 444 2596 defestus
460 2535 500 2590 ut
515 2515 701 2611 evitarent,
711 2507 922 2614 inCollegia
937 2509 1106 2588 liberiora
1119 2514 1190 2587 viri
1205 2511 1306 2588 dotti
1320 2513 1478 2614 coivere,
1493 2537 1584 2685 ages
1600 2513 1724 2592 &sub-
1743 2544 1784 2618 14

80 2623 162 2700 fidia
179 2615 492 2734 suppeditantibus
521 2613 608 2687 viris
624 2609 851 2712 Principibus
876 2611 913 2684 dt
934 2611 1187 2712 Magnetibus,
1211 2607 1395 2712 pi·aecipue
1408 2613 1446 2684 in
1468 2614 1519 2686 Ita
1533 2616 1572 2686 ia.
1646 2615 1724 2690 Ma.

81 2746 172 2824 gnus
189 2723 260 2796 illic
276 2741 349 2819 pro
366 2716 470 2790 omni
480 2735 616 2816 genere
630 2708 844 2805 studiorum,
859 2707 1113 2809 Collegiorum
1124 2709 1160 2782 ὃ(
1177 2706 1465 2806 Academiarum,
1481 2734 1568 2805 quas
1580 2735 1727 2812 vocant,
1802 2733 1805 2742 “

82 2843 253 2897 numerus
269 2876 280 2916 ,
299 2821 410 2914 inque
452 2811 618 2910 raecipuis
633 2807 741 2884 ltalite
753 2803 915 2902 urbibus,
932 2829 1026 2902 qua,
1043 2827 1084 2880 ut
1100 2827 1199 2881 certo
1216 2801 1284 2878 line
1298 2803 1399 2882 fuere
1416 2805 1595 2904 institutae,
1607 2810 1724 2886 itava·

82 2921 140 2994 riu
157 2918 270 2996 titulis
286 2839 503 2991 nominibus
520 2933 564 2982 ue
579 2905 757 3009 insignite
770 2903 926 2977 fuerunt.
975 2903 1066 2978 Sunt
1081 2927 1171 2978 vero
1186 2928 1233 2978 ex
1243 2903 1299 2978 lris
1316 2903 1481 3000 quaedem
1497 2903 1725 3008 celebriores,

83 3019 250 3114 quadam
275 2936 561 3090 autoribus-iuis
578 3004 616 3079 su
647 3001 856 3095 erfuerunt3
883 2999 1146 3098 quadamcum
1162 3001 1277 3117 ipsis,
1303 3003 1340 3076 bt
1354 3025 1435 3077 ante
1448 2999 1568 3103 ipsos,
1597 3003 1726 3084 exstin.

85 3117 157 3193 sta.
205 3115 296 3192 Nos
309 3107 587 3188 Academiarum
639 3101 980 3198 cademicorumque
993 3103 1142 3176 nomina
1158 3101 1239 3200 hic,
1254 3099 1375 3198 quoad
1388 3102 1515 3177 notitia
1529 3105 1726 3183 eorumha.

85 3217 158 3292 beri
174 3211 309 3317 potest,
326 3235 397 3288 con
427 3228 582 3300 eremuS,
596 3226 706 3298 quam
721 3203 854 3301 partim
871 3197 1061 3299 Gregorio
1074 3201 1163 3299 Leti,
1178 3202 1216 3274 in
1231 3205 1326 3270 italie
1337 3211 1497 3300 rogitantis
1506 3223 1595 3302 part.
1602 3227 1634 3295 5.
1646 3201 1694 3276 lib.
1703 3231 1722 3278 1.

84 3319 215 3416 partim
230 3311 360 3409 Joann'i
408 3305 545 3382 euroin
566 3303 701 3374 Thearro
717 3299 959 3395 liniicnntnn,
984 3297 1100 3374 Italica
1115 3299 1236 3400 lingua
1257 3297 1415 3400 scripto,
1431 3297 1616 3376 debemus.
1642 3307 1660 3346 *
1687 3303 1724 3378 Si
1744 3323 1786 3398 15

86 3413 332 3516 Conringium
345 3410 385 3482 in
394 3411 585 3503 Aritiqnitat.
604 3396 971 3570 Academgcpplemenm
992 3423 1020 3470 1.
1036 3395 1221 3496 eudimus,
1245 3395 1554 3498 primoomnium
1573 3401 1612 3474 in
1628 3400 1727 3482 Italia

84 3515 212 3590 Roma:
225 3507 372 3585 viderur
384 3501 550 3576 Acadama
565 3523 642 3574 vox
660 3495 749 3572 redu
788 3521 859 3570 arn
875 3491 978 3570 usum
991 3494 1102 3570 Paulo
1115 3494 1157 3567 Il.
1172 3491 1363 3594 Pontifice,
1377 3497 1576 3596 itafframen',
1592 3521 1632 3574 ut
1647 3523 1725 3578 non

83 3609 297 3716 significaret
312 3603 478 3680 scholam
486 3596 617 3700 ipsam,
628 3593 688 3670 sed
704 3595 899 3696 collegium
914 3593 975 3668 illo
990 3616 1159 3694 tempore
1180 3593 1311 3668 Romae
1331 3599 1661 3697 commorantium,
1685 3598 1725 3678 δι

85 3709 207 3814 priscae
223 3703 402 3784 dosttinae
420 3697 509 3774 colla
538 3693 582 3772 sae
597 3692 858 3792 restitutionem
870 3691 1025 3788 aliquam
1041 3689 1323 3786 instituentium
1346 3693 1551 3794 probatque
1564 3695 1638 3770 hoc
1672 3697 1724 3784 lo-

84 3837 125 3886 co
139 3833 186 3886 ex
201 3803 478 3888 Bartholomaeo
495 3722 629 3870 [latina
646 3793 683 3867 in
695 3793 770 3866 vira
787 3791 893 3890 hujus
907 3789 1094 3866 Pontificis
1108 3789 1266 3866 adduilo
1305 3791 1369 3867 ubi
1387 3815 1623 3891 memoratur,
1639 3756 1728 3872 iau-
1775 3883 1778 3888 g

83 3910 156 3986 lum
172 3905 365 3983 haereticos
382 3921 446 3973 eos
461 3889 720 3997 pronuncialle,
734 3891 798 3988 qui
810 3913 949 3965 nomen
956 3887 1174 3986 Academiae,
1188 3889 1247 3964 vel
1264 3851 1355 3964 ictio
1371 3891 1431 3964 vel
1438 3891 1538 3988 joc0,
1554 3891 1680 3988 deince
1708 3917 1727 3970 s

87 4018 425 4084 commemorarent.
472 3991 544 4070 Sed
557 3987 640 4091 post
653 3991 709 4064 illa
723 4011 891 4090 tempora
910 3986 947 4060 u
970 3986 1195 4084 frequentius
1220 3987 1257 4064 u
1288 3989 1424 4092 gratius
1443 3990 1566 4068 talium
1588 3989 1664 4069 Aca
1691 4015 1724 4092 e·

86 4110 234 4185 mierum
248 4092 490 4182 nomenfuitt
516 4087 708 4188 dequibus
726 4111 823 4164 nunc
837 4089 997 4187 agemus.

169 4305 305 4381 Romae
322 4265 580 4398 (utab'illainci
609 4289 721 4363 iamus
743 4281 900 4359 celebres
912 4245 1284 4382 Academiaefuerunt,
1299 4283 1722 4387 nHouoatsruuuu,
1742 4309 1786 4386 ,5

86 4428 239 4509 quorum
253 4391 483 4556 Symbolum
495 4385 555 4489 est,
593 4383 772 4544 ccidente
787 4379 943 4520 urbibus
956 4384 1191 4564 pluvgagcum
1207 4385 1278 4500 lroc
1290 4383 1477 4462 lemmate:
1495 4387 1721 4564 dentem
