3970 5236
252 287 328 383 456
516 253 521 270 x
748 311 768 333 ··
827 267 994 378 Polybist.
1019 268 1135 351 Liter.
1184 260 1260 350 lie.
1287 271 1336 374 II.

251 472 388 558 pueros
404 446 472 522 hac
488 444 739 546 primum'arte
753 441 985 524 erodimdos.
1035 441 1223 520 Vocabula
1243 465 1311 544 per
1334 438 1600 518 derivationem
1619 434 1658 513 dr
1678 437 1903 516 terminatio·

253 559 319 629 nes
335 547 419 625 disci
433 547 537 619 citius
553 541 664 645 polle,
679 544 734 618 uti
746 542 950 617 Bocchenls
965 545 1056 640 vult,
1071 566 1187 617 nemo,
1198 540 1350 638 quidem
1374 563 1421 616 ne
1467 539 1577 614 verit.
1647 535 1720 612 Sed
1738 559 1813 644 rgo
1834 563 1903 639 po·

184 673 236 746 40
249 655 320 732 tius
337 648 549 741 Oratorem,
565 665 674 740 quam
688 641 980 716 Grammaticum
993 641 1154 718 formare
1169 641 1303 718 malim.
1354 643 1374 686 *
1400 563 1613 715 ngnfultius
1624 659 1717 740 ergo
1735 641 1816 736 erit,
1825 641 1906 714 Vo-

214 817 217 838 ,
249 749 372 828 cabula
386 744 450 822 sub
470 747 560 820 locis
576 741 816 844 generalibus,
825 742 1088 838 qualesBenze‘as
1126 736 1484 840 raescribit,dispos1ta
1495 735 1694 814 secundum
1710 741 1904 842 cognatio·

249 874 347 949 nem,
372 843 627 939 differentiam,
652 843 955 938 contrarietatem,
977 767 1142 941 adjuniia
1165 841 1232 918 &c
1255 841 1413 941 puerum'
1437 835 1584 935 discere,
1608 829 1746 939 niagno
1776 835 1904 940 pollen

248 948 325 1027 usui
352 953 390 1026 in
408 939 689 1045 amplificatione
709 939 840 1037 futura,
863 940 926 1016 ubi
951 939 1118 1038 quaedam
1145 937 1333 1015 scribenda
1357 937 1456 1014 sunt:
1481 934 1596 1014 duda
1619 958 1738 1012 tamen
1759 939 1904 1037 antiqui

185 1070 231 1142 41
251 1051 412 1128 Amoris.
485 1050 503 1088 '¹‘
530 1037 605 1118 Etsi
635 1042 733 1114 enim
759 1038 858 1114 hunc
883 1037 1040 1114 usumin
1062 1037 1249 1140 phrafibus
1269 1038 1388 1136 bonis,
1410 1036 1638 1137 alphabetico
1664 1035 1797 1114 ordine
1815 1063 1904 1114 con-

218 1158 222 1164 ’
249 1147 370 1256 gestis,
389 1141 684 1246 quaeratMaac.
709 1139 833 1214 Fato.
859 1139 1183 1214 Wauoartuus
1207 1139 1245 1212 in
1267 1135 1652 1236 memoria-Redolphi
1673 1133 1750 1236 filii,
1779 1161 1902 1238 nequo

248 1253 324 1350 ejus
343 1245 452 1324 causae
474 1241 582 1317 nullae
599 1237 687 1333 s1m3
710 1259 867 1314 tamena
886 1237 977 1313 boni
990 1237 1142 1314 Autoris
1165 1235 1286 1312 verbis
1307 1234 1400 1310 bene
1424 1235 1599 1311 ordinatis
1620 1233 1796 1316 solidiora
1820 1241 1900 1338 ejus

248 1352 303 1427 rei
322 1365 513 1450 ponuntur
534 1339 776 1414 fundamenta.
852 1337 910 1411 Ex
937 1334 1022 1438 ipsas
1037 1339 1166 1412 *tamen
1189 1334 1375 1410 vocabulis
1399 1336 1437 1411 dt
1457 1333 1646 1437 phralibus
1669 1333 1808 1412 facilius
1830 1363 1905 1441 ego

247 1472 328 1528 rem
347 1447 455 1542 illam,
480 1463 590 1538 quam
609 1462 628 1512 e
647 1435 806 1512 clavibus
823 1437 993 1534 &januis
1016 1433 1149 1510 confici
1162 1431 1274 1536 polle,
1289 1432 1640 1510 Wendellnolibens
1654 1435 1902 1514 concellarim.

246 1549 383 1645 Neque
403 1541 494 1620 male
504 1537 639 1637 judicat
664 1535 921 1634 Wendelinus,
940 1560 1025 1610 cum
1042 1537 1110 1609 ait:
1138 1531 1364 1606 Vocabulorum
1381 1531 1505 1632 spivum
1525 1541 1696 1634 citiurego
1717 1556 1823 1612 roem
1842 1561 1905 1608 me.

246 1659 350 1722 moria
367 1643 410 1720 ὅ*
428 1647 541 1742 ingenii
566 1637 729 1708 mediocris
751 1633 972 1731 adolescentulo
991 1659 1040 1706 nee
1059 1632 1274 1736 impreffarum
1315 1633 1369 1706 ut'o
1386 1635 1538 1731 singulari
1559 1635 1695 1733 qraodana
1711 1639 1839 1736 puerili,
1862 1636 1906 1712 o*

241 1769 319 1855 pene
337 1745 478 1827 ridiculo,
493 1746 645 1809 memoria
659 1737 843 1808 adnrirriculo
868 1733 987 1832 (quod
1001 1735 1112 1808 velim
1134 1655 1374 1834 prodidiffet),
1399 1734 1607 1832 quanrclavr'r
1629 1741 1759 1834 integre
1777 1757 1905 1838 portent

245 1848 380 1919 nardium
394 1841 500 1940 affidno
510 1836 639 1938 stolaque
653 1842 920 1936 interpretationis
933 1831 1045 1905 labore.
1091 1919 1094 1928 ἱ
1118 1835 1221 1931 Aussm
1246 1833 1377 1936 depastae
1386 1841 1517 1933 pt'gnere
1549 1857 1620 1904 cnm
1641 1841 1756 1934 quouis
1779 1857 1906 1910 couren-

246 1947 333 2029 dere,
357 1939 400 2017 εἰ
422 1943 479 2012 hoc
510 1931 845 2018 admirandorum
870 1942 1014 2006 notitiam
1039 1936 1055 2005 ὲ
1088 1938 1201 2004 Lexico
1227 1952 1378 2033 paratam
1407 1933 1498 2030 long>
1516 1939 1683 2006 certiorem
1709 1929 1755 2007 δ’
1779 1938 1905 2036 repedi-

183 2077 231 2153 42
247 2041 445 2136 tioremfore
467 2038 580 2118 altera,
609 2057 704 2133 quam
728 2033 837 2104 ardua
860 2035 956 2103 clauis
983 2031 1106 2104 dederit
1127 2039 1357 2146 interpretatio.
1433 2034 1453 2080 'l
1479 2027 1528 2104 Et
1545 2029 1635 2106 nihil
1649 2031 1731 2108 sane
1744 2031 1905 2111 Becche·

247 2145 345 2220 riana
359 2138 484 2214 Praxis
498 2133 601 2207 Anni
616 2131 722 2204 secun
750 2133 761 2204 i
778 2131 815 2206 dt
828 2133 927 2205 tertii
941 2132 978 2204 in
986 2153 1100 2230 opere
1108 2127 1174 2204 isto
1190 2153 1350 2205 tironem
1361 2127 1514 2230 juvabit,
1532 2127 1818 2230 conjunsturum
1834 2131 1905 2210 isto

246 2243 310 2320 suo
323 2235 476 2315 artificio
491 2232 640 2307 nomina
654 2230 692 2304 dt
707 2231 830 2330 verba,
855 2253 939 2328 quae
956 2231 1092 2304 Latinae
1110 2230 1245 2332 linguae
1259 2227 1382 2312 indoli
1394 2227 1637 2331 refragantur:
1662 2229 1768 2330 quod
1788 2257 1809 2308 e
1832 2231 1906 2309 fola

248 2341 287 2419 dt
299 2337 433 2416 affidua
448 2335 635 2410 Auroram
652 2332 887 2428 antiquorum
902 2326 1058 2403 ledione
1073 2330 1110 2404 dt
1131 2329 1333 2404 imiratione
1354 2328 1506 2406 demum
1535 2325 1806 2406 observandum
1832 2332 1904 2428 est3

245 2465 292 2518 ne
307 2437 397 2537 quid
412 2433 458 2510 de
475 2453 629 2510 numero
646 2425 686 2504 df
702 2431 888 2504 concinno
905 2425 1028 2530 polita
1043 2426 1172 2528 dicam,
1197 2429 1262 2526 qui
1285 2427 1441 2529 aliunde,
1463 2445 1576 2528 quam
1591 2431 1644 2525 'ex
1669 2427 1801 2507 iisdem
1821 2431 1906 2509 fon·

118 2621 122 2624 .
226 2535 546 2648 ,trauaatsunqn
570 2527 699 2631 potest.

352 2731 525 2834 Amplius
551 2725 676 2804 studiis
699 2721 926 2802 Scholasticis
949 2724 1103 2826 spatium
1125 2722 1271 2802 indulsit
1293 2727 1372 2825 vir,
1399 2725 1489 2804 dum
1509 2729 1670 2830 viveret,
1694 2732 1826 2808 hanam
1848 2757 1906 2811 re.

247 2855 331 2918 r'um
385 2828 588 2910 eritilfrm'us
619 2829 858 2929 optimusque
873 2827 1147 2902 Mercuriorum
1170 2825 1344 2927 sculptor,
1369 2827 1662 2906 Maenovrus.
1737 2831 1840 2908 Nam
1866 2838 1907 2910 in

246 2861 450 3016 dodiili'tma
474 2930 533 3005 sua
555 2928 769 3000 Hermathena
789 2926 919 2998 cratiae.
932 2949 963 3018 5.
986 2945 1050 3027 cop.
1071 2954 1097 3000 2.
1121 2951 1153 3018 3,
1170 2953 1201 3016 4
1219 2954 1247 3013 5.
1272 2927 1345 3002 hoc
1368 2949 1629 3043 argvmentum
1658 2929 1904 3032 copposffime

245 3037 425 3129 trastavit,
446 3050 487 3104 ut
506 3029 557 3102 nil
572 3030 768 3124 quicquam
787 3023 872 3100 addi
893 3021 993 3126 polle
1008 3023 1183 3100 videatur.
1258 3025 1404 3103 Primos
1418 3029 1477 3103 alle
1492 3027 1632 3130 septem
1648 3055 1767 3108 annos
1787 3033 1905 3108 Ante·

247 3131 424 3213 scholanis
440 3125 621 3224 concedit,
644 3127 708 3222 qui
729 3123 1127 3202 intra'contubernium
1148 3147 1343 3227 parentum
1368 3124 1509 3204 educati
1523 3127 1692 3204 nondum
1715 3130 1761 3206 ad
1781 3132 1903 3232 publi.

154 3277 156 3286 *
250 3259 308 3312 cas
335 3229 472 3308 scholas
494 3222 671 3300 accedunt
683 3249 694 3319 3
734 3219 959 3297 Scholasticis
983 3242 1083 3298 totos
1115 3249 1169 3322 ¹4·
1188 3245 1321 3324 annos,
1338 3247 1391 3302 ut
1414 3228 1537 3324 itaque
1563 3249 1645 3304 ante
1675 3239 1814 3306 annum
1843 3255 1902 3308 at.

249 3330 428 3410 eScholis
447 3351 525 3401 non
548 3345 688 3422 exeant,
708 3319 778 3397 suae
795 3318 979 3396 sententiae
1003 3319 1109 3398 suffra
1182 3345 1257 3400 tem
1281 3324 1429 3422 laudans
1450 3327 1664 3426 Sturmium,
1689 3331 1754 3425 qui
1778 3349 1904 3406 tamen

250 3433 349 3510 anno
389 3451 440 3524 15.
466 3421 672 3502 scholastica
702 3419 816 3496 studia
843 3417 1008 3519 absolvit,
1031 3421 1069 3498 dt
1103 3444 1218 3498 atero
1249 3424 1334 3502 loco
1358 3422 1422 3500 sub
1446 3426 1512 3501 illo
1535 3427 1725 3502 annorum·
1742 3452 1904 3508 numero

184 3548 236 3624 44
251 3529 446 3611 Affldefflia
478 3523 576 3600 forte
610 3520 724 3598 studia
757 3520 1053 3622 comprehendit.
1125 3527 1147 3566 a
1171 3523 1214 3598 In
1254 3521 1608 3600 Antescholanorum
1638 3525 1902 3606 informatione

249 3653 419 3708 veterum
444 3647 571 3699 mores
591 3619 756 3698 anostris
772 3617 990 3720 discrepant3
1029 3621 1173 3721 quibus,
1198 3649 1282 3698 cum
1302 3625 1341 3698 in
1366 3625 1501 3726 linguis
1521 3647 1600 3700 non
1621 3626 1781 3702 multum
1803 3629 1901 3706 labo·

248 3727 417 3826 randum,
443 3721 558 3800 statim
570 3719 616 3796 ad
629 3746 753 3798 rerum
768 3721 1023 3823 cognitionem
1039 3744 1256 3798 converrere
1282 3721 1316 3796 se
1335 3744 1547 3837 potueruut.
1620 3724 1680 3802 De
1706 3726 1765 3802 his
1787 3729 1902 3806 multa

249 3827 509 3932 Qrintilianus,
524 3823 588 3920 qui
600 3846 646 3896 ne
661 3819 847 3897 infantiam
861 3817 1012 3918 quidem
1026 3821 1138 3922 ipsam
1153 3820 1280 3898 reflare
1296 3847 1316 3898 a
1332 3825 1443 3900 literis
1457 3825 1546 3899 vult.
1622 3823 1756 3902 Nostri
1770 3829 1812 3902 in
1827 3827 1902 3904 for·

249 3927 381 4008 manda
411 3947 516 4022 voce,
542 3920 715 4024 legendo,
739 3917 943 4018 scribendo,
970 3923 1099 4022 primis
1120 3919 1260 4022 pietatis
1282 3921 1509 4022 rudimentis,
1536 3923 1722 4000 vocabulis
1748 3923 1902 4026 Donati,

249 4055 333 4138 quae
352 4045 500 4121 vocant,
521 4021 697 4104 tirociniis
717 4042 862 4119 tempus
882 4017 956 4096 hoc
977 4019 1196 4096 consumunt
1232 4019 1362 4118 quibus
1381 4019 1478 4097 redte
1498 4017 1650 4122 quidem
1672 4025 1901 4104 Mechovius
1938 4059 1944 4068 ·

146 4205 157 4214 .
246 4123 412 4207 'l‘abula's
433 4119 830 4225 Geographicas'jungi
845 4115 945 4220 polle
959 4118 1145 4196 existimat.
1234 4120 1342 4197 ullius
1366 4119 1568 4198 Historiam
1596 4121 1727 4198 sacram
1750 4123 1790 4201 ὅ(
1813 4128 1901 4202 ciri·

182 4251 229 4327 45
246 4232 322 4308 lem
338 4251 407 4330 per
420 4225 594 4323 imagines
611 4221 678 4296 illis
692 4241 842 4319 quoque
860 4217 1026 4294 inculcari
1039 4217 1168 4296 suadet.
1228 4225 1249 4326 'f
1274 4219 1315 4294 ln
1329 4219 1551 4297 Scholasticis
1574 4225 1741 4324 primum
1759 4223 1902 4328 septen.

250 4333 352 4406 nium
378 4328 415 4400 in
441 4315 578 4425 noadaia}
598 4327 663 4398 τῶν
683 4322 863 4418 ἐγκυκλίων
883 4317 979 4393 &in
1002 4323 1082 4397 ruia·
1104 4325 1252 4416 neptunia
1277 4322 1429 4420 τέχναις,
1455 4323 1609 4397 altemm
1635 4325 1673 4398 in
1695 4323 1902 4402 humanita-

247 4433 314 4526 τὶς,
341 4421 544 4502 Dialeflicae
574 4419 693 4496 studio
725 4444 766 4495 ac
797 4413 907 4493 initiis
932 4417 1079 4495 Philoso
1109 4419 1179 4495 hiae
1216 4423 1366 4522 transigi
1397 4423 1486 4500 vult.
1554 4419 1628 4498 Hic
1653 4425 1822 4523 primum
1853 4425 1902 4502 de

249 4525 507 4601 Glemmeticae
521 4517 789 4602 informationis
806 4518 947 4594 ratione
961 4540 1044 4596 tene
1097 4544 1128 4618 a,
1144 4518 1191 4595 de
1206 4522 1384 4598 exercitiis
1398 4521 1666 4624 Grammaticis,
1690 4523 1908 4624 defiraecae,

1762 4625 1903 4730 linguar

182 2772 229 2860 4‘3
