3910 5234
149 193 152 203 Α
241 259 351 338 710-
560 231 563 240 '
618 167 623 176 ·
675 233 693 328 j
786 160 1322 334 ‘Poauuziteualallr
1382 285 1385 292 .
1469 169 1530 359 Ἰ.
1598 289 1603 300 .

61 497 67 506 ¹
182 404 376 514 37splciat.
425 393 768 476 l'Funduslrorum
785 396 1091 474 colledaneorum
1113 397 1159 473 in'
1173 395 1340 498 predicis
1360 392 1653 474 Autoribusell:
1688 394 1773 473 Sunt
1792 421 1868 480 vero

53 499 59 508 ’
149 543 152 550 ·
245 525 375 583 omnes
389 499 441 580 illi
456 497 619 602 practici,
633 498 697 596 qui
712 493 758 570 de
773 495 985 596 actionibus,
1001 495 1227 598 processibus
1240 495 1423 598 scripsere,
1438 498 1529 572 item
1543 495 1589 570 de
1604 495 1868 598 praesumptioni·
1930 533 1931 580 1

244 603 326 702 bus,
346 595 639 704 probationibus
656 591 814 694 restibus,
822 594 1067 692 omnibusque
1080 596 1159 693 illis,
1169 619 1251 692 quae
1264 593 1309 670 ad
1318 589 1525 696 processum
1540 598 1738 695 pertinent:
1761 595 1870 674 deinde

110 767 116 772 .
276 705 313 778 ui
326 696 481 796 consilia,
497 692 708 792 decisiones,
722 691 910 770 sententias
924 711 1085 796 receptas
1101 693 1292 791 tradidere,
1308 695 1396 770 item
1409 697 1476 792 qui
1495 691 1542 768 de
1554 695 1728 783 omnibus
1737 698 1872 774 materiis

144 807 148 813 “
247 727 479 902 sutisagunr,
518 818 597 870 non
611 813 686 868 tam
700 815 742 870 ut
757 794 856 908 leges
878 793 1071 894 explicent,
1098 817 1208 890 quam
1229 815 1270 869 ut
1292 793 1585 880 observationem
1601 816 1723 869 earum
1736 795 1771 870 in
1787 797 1871 894 praxi
1930 779 1931 802 ¹

240 898 448 994 'ostendant,
463 894 584 993 quales
600 891 680 968 sunt
699 892 816 992 muln,
828 892 1118 1006 ltalipraesertim
1135 891 1173 966 dt
1186 889 1349 992 Hispani,
1361 894 1425 989 qui
1438 891 1589 968 libros'o
1619 890 1741 968 erosos
1754 891 1853 993 strips
1930 917 1931 944 ³

108 1054 130 1085 r
244 1025 297 1099 re,
311 998 497 1101 ptaecipue
518 991 564 1066 do
576 994 800 1094 argumentis
819 989 996 1092 ptasltcis.
1045 988 1310 1066 bibliothecam
1323 993 1517 1092 aliquamp
1623 989 1873 1088 tlibetille,qui
1930 1013 1931 1078 ξ

187 1170 190 1176 ,
244 1105 398 1186 vocatur
412 1098 549 1172 Oc'eanus
564 1095 672 1186 June,
703 1091 825 1168 multis
846 1087 1011 1165 constans
1031 1088 1292 1189 voluminibus,
1318 1114 1395 1188 quo
1415 1091 1873 1188 continentur'particulares

242 1199 294 1277 illi
312 1193 481 1272 tractatus
497 1209 667 1272 veterum
682 1192 868 1266 Autorum
882 1187 1039 1284 Bartoli,
1060 1185 1175 1284 Baldi,
1200 1186 1348 1286 Jasonis,
1387 1186 1560 1285 Accurlii,
1592 1186 1699 1264 Decii
1722 1189 1784 1266 &e
1826 1188 1887 1262 Ex‘
1930 1217 1931 1282 l

247 1293 419 1373 omnibus
436 1291 503 1366 illis
517 1287 544 1364 fi
562 1289 643 1385 quie
665 1286 750 1366 tales
765 1290 868 1364 locos
881 1285 1093 1387 confecerit,
1111 1283 1262 1360 mirifice
1278 1286 1333 1365 his
1354 1291 1393 1362 in
1408 1287 1516 1362 rebus
1533 1275 1885 1388 ponderumque
1930 1287 1931 1348 l

243 1393 426 1470 scientiam
439 1388 569 1486 solum,
587 1384 648 1461 sed
668 1388 706 1464 dt
721 1411 792 1485 qua
808 1387 951 1462 lucrum
965 1385 1002 1461 dt
1017 1408 1119 1486 opes.
1169 1384 1274 1463 Talia
1289 1388 1385 1464 enim
1402 1406 1573 1490 excerpta
1585 1407 1700 1464 metae
1713 1383 1788 1466 suut
1800 1387 1876 1482 atui
1930 1395 1931 1450 ῑ

203 1493 534 1592 ·sodinae,*neque
549 1486 660 1591 gratis
676 1484 932 1567 conficiuntur.
1244 1547 1247 1558 .
1676 1521 1704 1568 s
1930 1537 1931 1544 a

180 1670 228 1762 38
334 1650 528 1752 Pergimus
542 1643 588 1720 ad
605 1643 832 1724 Colleeanea
850 1645 988 1727 Medica,
1001 1663 1110 1742 atque
1122 1644 1182 1720 hic
1208 1666 1228 1720 e
1250 1641 1306 1718 Ph
1325 1641 1414 1720 ‘licis
1435 1663 1548 1745 patet,
1569 1641 1616 1722 de
1637 1643 1768 1742 quibus
1788 1643 1821 1719 su
1845 1665 1875 1718 rr
1930 1667 1931 1716 ι

183 1777 228 1853 39
246 1753 401 1855 egimus,
417 1743 612 1846 quomodo
627 1745 685 1822 illa
704 1741 946 1824 construenda
959 1740 1038 1820 stnt.
1089 1743 1222 1820 *Non
1239 1739 1289 1818 est
1308 1668 1369 1819 bic
1385 1751 1550 1844 exegeticis
1564 1741 1785 1820 collesianeis
1798 1669 1873 1817 asco

185 1863 187 1868 “
245 1871 353 1950 opus,
367 1871 452 1926 cum
473 1865 642 1921 nontam
663 1847 866 1940 autoritate,
891 1866 1000 1938 quam
1031 1843 1173 1920 ratione
1199 1841 1238 1918 dt
1260 1843 1494 1942 experientia,
1533 1839 1692 1918 studium
1714 1841 1875 1918 medicum
1930 1839 1931 1904 l

245 1943 392 2024 constat.
467 1943 619 2019 Interim
639 1940 666 2017 fi
687 1945 763 2042 quis
778 1939 986 2018 Academiae
1007 1941 1149 2018 labores
1167 1938 1249 2016 suos
1274 1937 1474 2040 destinavit,
1495 1963 1554 2017 aut
1574 1939 1676 2017 libris
1703 1936 1875 2016 scribendis

33 2117 36 2126 Α
245 2067 399 2147 operam
413 2039 523 2139 dabit,
562 2039 613 2118 illi
633 2065 712 2118 non
737 2040 871 2120 inutilis
895 2035 998 2114 labor
1018 2037 1163 2118 futurus
1186 2038 1254 2139 est,
1291 2035 1379 2114 stad
1398 2037 1450 2114 Hi
1480 2042 1641 2142 pocratis
1665 2041 1777 2124 libros
1789 2055 1877 2112 notet

147 2203 148 2210 ,
266 2145 301 2244 ι)
314 2141 638 2218 Commentatores
692 2137 850 2237 (2)loca,
866 2157 1037 2233 quartam
1059 2161 1079 2212 a
1100 2137 1256 2214 Medicis
1283 2163 1393 2235 quam
1415 2066 1659 2242 abhilologis
1679 2135 1876 2213 illustrantur

263 2245 300 2344 3)
316 2239 619 2342 experimentain
635 2237 775 2316 morbis
793 2234 877 2340 ipsis
899 2234 959 2308 vel
976 2234 1019 2308 ab
1035 2235 1111 2310 aliis
1131 2235 1190 2310 vel
1203 2235 1247 2314 ab
1266 2235 1345 2336 ipso
1362 2237 1527 2338 probata,
1566 2260 1586 2311 e
1605 2239 1714 2312 variis
1731 2232 1877 2310 observa·

242 2343 391 2428 'tionum
404 2335 643 2439 prasiiearum
658 2336 768 2415 libris.
819 2333 923 2412 Idem
936 2336 975 2410 in
988 2333 1132 2410 Galeno
1147 2331 1226 2412 fieri
1241 2332 1376 2436 pollet5
1400 2333 1462 2410 sed
1479 2359 1591 2436 opera
1605 2336 1683 2434 ejus
1700 2329 1876 2414 nituissunt

149 2535 154 2545 ,
245 2440 381 2536 diffuse,
395 2461 504 2536 quam
523 2455 565 2512 ut
575 2433 763 2514 tantvasto
779 2433 933 2516 Oceano
948 2434 1029 2529 quis
1043 2430 1077 2508 se
1090 2433 1221 2512 credat.
1271 2433 1309 2508 Si
1321 2437 1504 2532 Hoffmanm'
1515 2435 1769 2512 commentarii
1780 2429 1877 2536 prod·

241 2537 360 2620 iissent
379 2540 416 2613 in
440 2535 570 2636 lucem,
585 2558 661 2614 uno
682 2535 745 2614 illo
761 2531 944 2634 possemus
963 2527 1219 2610 esecontenti.

177 2743 256 2822 40.
343 2702 493 2790 Pollitnt
508 2701 545 2778 dt
558 2699 779 2780 colledauea
796 2695 994 2778 secundum
1010 2698 1173 2774 materias
1191 2697 1336 2798 institui,
1352 2699 1455 2796 quod
1473 2700 1582 2798 aliqui
1596 2699 1769 2779 fecerunt.
1815 2697 1875 2773 Pro

237 2805 440 2908 plyflologica
453 2803 679 2905 cognitione,
699 2796 895 2878 secundum
911 2793 1030 2883 classes
1055 2821 1180 2872 rerum
1204 2799 1418 2876 naturalium
1437 2799 1474 2874 de
1495 2796 1686 2899 Phyficam
1707 2797 1873 2902 specialem

76 2977 82 2985 ,
177 2941 225 3015 41
244 2901 444 2988 ordinanda
457 2903 515 2976 illa
531 2899 619 2976 sunt.
646 2895 742 2976 ·Sed
755 2893 894 2974 misceri
915 2919 992 2972 uno
1011 2899 1133 2976 omnia
1147 2896 1243 2971 libro
1262 2923 1338 2992 non
1385 2895 1515 2973 ossone
1561 2899 1641 2972 *In
1663 2907 1875 2996 Bormicepe·

246 3003 387 3076 collaria
399 2995 533 3072 institui
545 2995 691 3071 debent.
748 2993 996 3069 1.Herbanrm
1011 2996 1049 3067 in
1073 3017 1217 3096 natura,
1254 3021 1336 3093 quar
1401 2991 1535 3074 erbaria
1553 2997 1639 3072 viva
1653 3000 1873 3099 appellantur.

104 3180 106 3188 ,
184 3185 188 3195 ,
246 3125 279 3182 2.
292 3095 527 3180 Historiae&
547 3091 692 3172 Medica
709 3091 755 3167 de
769 3094 888 3190 ils,ma
919 3117 969 3166 no
985 3091 1105 3166 futura
1118 3091 1205 3191 usui,
1221 3120 1303 3194 quae
1314 3095 1411 3196 apud
1425 3094 1626 3170 Herbarios
1639 3095 1873 3173 veteres&re-

246 3197 437 3292 centiores,
462 3191 773 3306 Theophrastum,
794 3187 868 3268 Dio
885 3189 1060 3287 coridem,
1081 3190 1249 3291 Plinium,
1270 3195 1682 3293 Tabernaemontanum,
1705 3197 1873 3270 Simonem

149 3379 153 3388 ,
246 3295 359 3408 Pauli,
372 3294 532 3399 aliosque
543 3289 768 3390 notatasunt,
782 3291 839 3365 illa
847 3311 916 3390 per
931 3287 1088 3365 indicem
1105 3312 1244 3365 tantum
1260 3296 1483 3368 colluantur.
1507 3292 1741 3392 BruJauru
1765 3293 1872 3369 Peto·
1913 3323 1931 3406 p

245 3401 326 3475 tius
349 3394 572 3494 rnAppcndr'ce
584 3393 709 3494 salsioris
714 3389 778 3489 fita
795 3391 914 3462 Gallice
966 3386 1104 3464 romisst
1125 3389 1315 3476 trasitium
1333 3359 1372 3463 ab
1391 3390 1533 3490 tertinerfir,
1554 3418 1591 3470 rr
1631 3395 1787 3480 ἱαηῑανία,
1822 3387 1872 3464 sed
1930 3429 1931 3446 α

241 3515 373 3596 praeter
393 3489 537 3576 titulum
551 3489 674 3569 adhuc
687 3491 737 3567 nil
752 3487 923 3586 vidimus,
938 3413 976 3562 br
993 3484 1123 3563 dubito
1136 3512 1182 3563 an
1199 3512 1358 3586 unquam
1374 3488 1587 3590 proditurus
1603 3415 1655 3566 ibt.
1682 3487 1872 3568 Certemul·
1930 3459 1931 3504 Ν

243 3615 290 3678 tar
309 3613 450 3694 magna
479 3613 524 3669 uc
538 3587 797 3689 disputationes
820 3588 910 3662 circa
931 3609 1010 3661 rem
1035 3585 1238 3662 herbariam
1263 3587 1353 3665 sunt.
1404 3585 1634 3664 Conferendi
1654 3593 1738 3662 Scau
1757 3620 1800 3674 er,
1823 3593 1872 3660 aa·

241 3695 324 3775 deus
336 3715 356 3761 a
368 3615 477 3794 δαμῇ
486 3689 525 3760 in
539 3683 849 3788 Theophrastum,
865 3687 1027 3784 Salmassus
1040 3686 1076 3758 in
1091 3685 1269 3786 Solinunr,
1284 3689 1321 3766 dt
1336 3691 1374 3764 in
1386 3687 1488 3790 Hyle
1503 3685 1636 3764 latrica'
1686 3619 1871 3768 addendus

242 3791 349 3878 etiam
362 3785 412 3880 est
428 3789 612 3888 Hoffmanni
632 3786 800 3862 Tralata
819 3783 858 3860 de
873 3779 1081 3882 Officinalibus.
1519 3853 1521 3858 ,

173 3991 222 4065 42
333 3951 513 4055 Subjungi
529 3945 597 4028 illis
613 3951 840 4028 collesla‘neis
858 3951 965 4027 etiam
983 3947 1130 4050 possunt
1153 3951 1299 4047 caym
1322 3956 1566 4054 operationes,
1589 3955 1627 4031 dt
1655 3953 1801 4053 quidem
1816 3949 1869 4026 fin·

179 4091 186 4114 x
238 4053 333 4158 gulia
349 4051 472 4128 herbis
485 4075 531 4126 ex
545 4055 660 4154 Angela
673 4049 909 4146 Salaaliisque
923 4047 1170 4220 Scriptodbus
1184 4053 1456 4152 recentioribus,
1480 4055 1657 4128 arumde
1673 4053 1794 4151 Gcfiteri
1806 4055 1870 4122 Εαο·

239 4151 393 4249 ayma&
410 4150 603 4248 colloquiis
627 4175 668 4224 ac
680 4150 1000 4226 communicationi
1028 4173 1069 4222 us
1095 4175 1178 4223 cum
1204 4149 1406 4248 bemicis.
1456 4150 1608 4228 Ufitr'tas
1632 4154 1671 4230 dt
1694 4148 1869 4229 officinales

239 4252 523 4356 praeparationes
540 4247 757 4346 jamdudum
778 4247 928 4346 collegit
941 4248 1140 4322 Schrednas
1152 4257 1185 4318 in
1199 4251 1454 4350 Pharmacopela,
1470 4253 1507 4326 in
1531 4273 1642 4348 quant
1658 4271 1780 4326 extant
1792 4245 1868 4340 Hoff-

238 4360 344 4422 manm·
357 4351 618 4425 commentarii,
668 4347 851 4439 zuacfflrus
864 4347 902 4419 in
918 4344 1213 4444 Pharmacopoeia
1227 4345 1296 4444 sua,
1313 4349 1351 4422 dt
1365 4351 1427 4444 qui
1449 4349 1620 4450 pleraque
1639 4373 1688 4424 ex
1708 4347 1769 4424 illo
1785 4345 1868 4444 cepit

173 4477 220 4556 43
240 4445 386 4525 saburrus
406 4448 449 4526 s
431 4448 557 4546 nllus,
607 4471 648 4525 ac
669 4444 792 4546 plures
817 4444 890 4521 alii,
953 4445 1044 4520 *Ut
1069 4441 1108 4526 iu
1130 4444 1324 4546 Botanicis,
1350 4450 1397 4524 ira
1417 4447 1455 4524 dt
1476 4451 1516 4528 in
1533 4447 1739 4522 aunei-aluus
1750 4441 1866 4614 inllilpti

1180 4561 1191 4570 “
1532 4591 1539 4598 -
1776 4567 1816 4618 co
1838 4562 1866 4612 e·
