3970 5236
668 233 751 342 Cap.
776 227 820 322 X.
845 225 1309 344 'Derurrr‘culoscbodrstica
1536 331 1541 338 ,
1716 268 1787 346 453

130 403 243 505 dicat,
264 428 307 482 ut
330 405 519 506 ¹quicquid
536 403 832 508 abscindentis
852 405 1029 512 posceret,
1053 410 1320 502 enunciaverir3
1346 432 1429 485 cum
1445 407 1486 485 hi
1501 407 1714 486 Terentiam
1728 435 1788 500 aa·

127 503 273 582 ditores
290 465 417 582 satine
445 529 564 583 tamen
583 508 688 607 loqui
710 525 791 588 roto
816 535 914 586 anno
938 534 1015 584 non
1035 509 1237 587 didicerint.
1306 509 1386 612 Qu
1403 509 1477 586 hoc
1500 509 1688 610 objiciunt,
1712 492 1787 586 rbe-

126 607 320 704 minerint,
343 605 562 705 1111111111
579 607 800 706 quotidianis
815 611 911 686 collo
940 611 1007 684 uiis
1023 609 1069 686 ad
1083 611 1246 713 linguam
1261 608 1465 686 discendam
1478 607 1654 708 efficaciae,
1677 625 1786 708 quam

1 712 2 717 ’
126 707 172 782 in
187 713 403 804 quacunque
416 705 675 784 informatione
693 708 781 784 alia:
808 636 981 786 recondas
1001 731 1122 786 tamen
1141 735 1160 786 a
1176 714 1294 812 prima
1309 708 1378 782 hac
1393 711 1623 808 maximeque
1636 709 1787 786 naturali

125 803 319 882 methodo
335 827 435 884 tener
449 807 518 906 illa,
543 831 626 904 quae
646 829 665 882 e
684 807 839 898 ieslione
854 807 1040 886 Autorum
1059 811 1240 908 procedit.
1316 808 1366 884 Et
1384 810 1421 882 in
1436 807 1643 886 Ratichiana
1664 831 1786 885 tamon

122 907 189 982 illa
207 901 404 1005 methodo,
457 908 557 982 rimis
577 907 644 982 illis
667 907 893 987 lineamentis
919 907 1013 984 bene
1035 933 1055 984 e
1073 909 1252 988 Terentio
1274 905 1391 986 dusiis
1424 905 1561 1006 juncta,
1577 905 1680 984 fimul
1707 931 1784 984 arte

124 932 600 1103 Grammaticasdcihimus
622 1006 754 1096 deinde
770 1007 815 1083 ad
835 1031 952 1084 cetera
967 1006 1178 1111 progressus
1197 1007 1276 1089 fuit.
1344 1011 1364 1055 ³*
1389 967 1442 1081 1111
1457 1029 1553 1082 certe
1567 1007 1680 1110 longe
1694 1031 1786 1108 prae·
1804 1023 1845 1092 31

125 1101 356 1201 fcrendaest,
382 1131 465 1204 quae
480 1107 541 1180 vel
562 1105 708 1200 eJanua
726 1105 910 1206 Comenii,
931 1105 1081 1182 Parrum
1105 1109 1372 1206 Hibernorum,
1399 1105 1587 1185 Mercurio
1609 1105 1785 1208 scioppii,

125 1205 302 1304 Porculis,
328 1205 442 1281 Atriis
460 1201 572 1280 simile
591 1203 680 1303 quid
723 1208 889 1283 romittit.
907 1209 913 1225 “
949 1207 1057 1281 Nihil
1073 1204 1175 1284 solidi
1189 1233 1209 1282 e
1222 1209 1340 1312 scopis
1357 1207 1424 1283 illis
1439 1203 1612 1282 dillolutis
1629 1201 1785 1302 discitur,

126 1303 318 1404 inquibus
343 1305 441 1380 nulla
461 1301 512 1378 est
534 1329 673 1406 compo
690 1305 768 1405 rtio,
791 1307 897 1406 plena
917 1305 1140 1382 barbarismis
1164 1311 1297 1387 omnia.
1370 1307 1540 1382 Sermoni
1567 1302 1784 1380 studendum

65 1446 68 1450 >
126 1403 190 1494 est,
218 1407 281 1504 qui
294 1429 373 1480 non
392 1406 502 1480 meris
523 1405 845 1503 enunciationibus,
858 1403 918 1480 sed
934 1425 1030 1481 111111
1053 1407 1245 1507 periodica
1260 1408 1452 1484 decurrere
1468 1405 1599 1481 debet:
1625 1405 1701 1502 qui,
1722 1403 1784 1478 ersi

120 1519 149 1580 'a
162 1528 282 1608 puero
327 1507 463 1580 rituum
476 1527 554 1579 non
576 1505 728 1604 capitur,
754 1527 822 1606 per
836 1505 1138 1582 'consuetudinem
1162 1529 1283 1585 tamen
1303 1510 1428 1584 animo
1442 1501 1660 1602 auribusque
1675 1501 1786 1580 inhar-

125 1629 196 1681 ret.
329 1602 495 1680 sertnone
521 1627 562 1678 er
590 1613 615 1679 o'
639 1601 703 1678 iim
733 1605 791 1680 lici
805 1605 972 1702 quidem,
999 1603 1060 1680 sed
1083 1605 1181 1682 reue
1201 1605 1270 1694 suis
1291 1605 1474 1710 particulis
1488 1602 1634 1703 jandin,
1661 1603 1785 1703 potius

126 1703 487 1800 nominaverbaque
514 1629 680 1780 ardenda
700 1629 796 1802 dtur,
817 1702 844 1778 11
861 1705 916 1780 illa
931 1703 979 1780 stc
993 1703 1089 1780 nuda
1109 1709 1232 1806 pueris
1250 1729 1464 1808 proponere
1480 1704 1665 1802 nolumus,
1681 1699 1788 1800 quod

126 1808 252 1907 prima
271 1824 376 1880 aetate
393 1801 552 1878 sufficere
574 1801 692 1903 polstt.
768 1816 788 1850 '⁴
860 1829 1048 1902 uacunque
1071 1829 1168 1907 ergo
1186 1808 1326 1882 ratione
1349 1803 1589 1881 emendentur
1608 1803 1668 1876 vel
1683 1809 1785 1886 Came·
1803 1805 1848 1881 3²

126 1915 175 1977 m'i
196 1906 257 1979 vel
279 1906 409 1976 alterius
425 1906 541 1998 Jeme
566 1907 671 1999 (uam
686 1903 835 2004 inillius
875 1929 967 1980 anua
993 1905 1105 1980 multa
1132 1906 1213 1981 talia
1234 1904 1420 1980 emendari
1443 1905 1563 1979 voluit
1583 1903 1653 1976 Vir
1669 1898 1728 1981 Cl.
1748 1901 1786 1976 81

127 2006 266 2081 amicus
293 1999 416 2078 noller
439 2000 604 2102 optimus
625 2007 664 2097 J.
682 2008 718 2075 P.
739 2003 860 2100 Titias)
884 2029 962 2079 non
979 2003 1124 2106 pulsum
1144 2029 1163 2080 a
1183 2027 1242 2080 me
1257 2008 1465 2106 inpetrare,
1484 2025 1526 2078 ut
1546 2027 1670 2081 earum
1684 1999 1787 2098 usum
1832 2005 1834 2010 ’

127 2109 170 2181 in
190 2103 335 2182 Scholia
360 2100 521 2276 probare
541 2100 683 2202 poffim.
761 2102 950 2207 Qorsum
975 2107 1072 2180 euim
1099 2129 1208 2207 opus,
1231 2104 1276 2182 ad
1298 2105 1439 2188 lacunas
1464 2101 1679 2206 confugere,
1702 2125 1787 2179 cum

1 2229 2 2234 ¹
127 2201 340 2308 puriffimos
387 2200 554 2276 abeamus
578 2199 733 2278 fontes?
767 2203 806 2278 Si
827 2204 1095 2281 vocabulorum
1118 2229 1176 2282 res
1202 2207 1336 2309 agitur,
1360 2206 1509 2280 illorum
1532 2203 1698 2306 cognitio
1725 2199 1786 2280 vel

127 2308 231 2382 ultro
250 2329 270 2380 e
284 2301 441 2378 lediione
456 2299 564 2376 nobis
578 2324 758 2408 occurret,
783 2325 917 2380 utnon
934 2303 975 2380 stt
994 2329 1223 2408 magnopere
1238 2303 1285 2382 de
1299 2308 1343 2380 iis
1359 2302 1610 2382 laborandum.
1672 2299 1800 2376 Daui·

130 2429 205 2504 que
219 2427 262 2480 11
275 2401 490 2499 veiculinae,
516 2401 576 2474 vel
594 2425 618 2474 o
631 2396 634 2412 '
649 2399 830 2478 isiciorum
852 2407 970 2504 gratia
992 2402 1053 2480 ista
1071 2401 1252 2506 farragine
1301 2425 1409 2493 ueros
1431 2423 1667 2499 maceremus,
1689 2399 1785 2477 nulla

129 2527 204 2583 nos
226 2500 532 2598 necessitasjubet.
646 2503 755 2577 alium
774 2523 874 2577 rarus
886 2506 924 2576 in
933 2502 1104 2578 ‘sermone
1125 2503 1223 2578 civili
1240 2431 1322 2579 usds
1342 2503 1402 2580 est.
1477 2503 1640 2604 Legatur
1663 2521 1785 2578 tamen

130 2631 177 2682 ea
198 2603 245 2680 de
265 2625 306 2676 re
327 2601 396 2674 Vir
421 2593 555 2674 Clariis.
585 2604 626 2698 J.
644 2605 679 2674 P.
701 2608 801 2674 Titr'trs
821 2611 854 2672 in
876 2601 1093 2700 Dafferrationr
1115 2606 1154 2676 de
1178 2603 1380 2674 Adminiculis
1406 2605 1657 2702 Linguaelarinae
1668 2607 1786 2701 prima,

127 2698 1055 2782 11111110111111111011111111111111111(31111111
1073 2702 1219 2802 plenior
1239 2703 1477 2816 proponimr,
1503 2700 1547 2800 81
1557 2697 1716 2798 operose
1737 2695 1785 2770 de
1884 2698 1894 2708 '

129 2799 342 2882 eorum-usu
353 2801 398 2876 ἃ
412 2796 642 2876 correstione
657 2803 788 2902 agitur.
861 2801 884 2846 1
907 2799 1041 2875 Nihilo
1063 2801 1234 2876 meliores
1250 2800 1318 2876 dlis
1334 2801 1453 2896 Januis
1474 2799 1554 2874 sunt
1570 2797 1786 2899 Ephemm‘des
1802 2821 1847 2896 33

129 2911 240 3008 lbguae
264 2906 381 2976 latina
400 2897 438 2970 ab
463 2898 719 2977 Ezrcutrta
743 2901 966 3000 Vocarto,
993 2896 1478 3004 PaedagogiiGdtringensts
1497 2894 1787 2992 Con-Redime,

131 3005 287 3108 scriptae,
303 2999 435 3100 quibus
450 3001 559 3075 unius
576 3001 661 3075 anni
682 2997 972 3100 spatio,duabus
991 2997 1220 3104 singulorum
1241 2999 1384 3076 dierum
1400 2996 1651 3102 profestorum
1672 2995 1799 3092 horis„
1906 3039 1908 3042 -

128 3127 250 3183 totam
275 3105 437 3218 linguam
453 3101 628 3199 Latinam,
655 3101 853 3200 omniaque
880 3101 955 3200 ejus
975 3100 1150 3176 vocabula
1169 3098 1303 3176 docere
1324 3099 1414 3178 vult.
1489 3095 1670 3174 Constant
1693 3117 1786 3170 vero

131 3201 402 3308 Ephemendes
427 3202 534 3276 variis
557 3199 759 3301 sententiis,
784 3202 845 3276 vel
869 3199 1055 3300 confidis,
1085 3202 1145 3276 vel
1172 3226 1192 3276 a
1213 3199 1398 3294 veteribus
1423 3196 1628 3274 Autotibus
1653 3195 1787 3296 petitis,
1907 3243 1909 3248 -

129 3303 333 3383 secundum
347 3299 492 3376 dierum
502 3299 539 3376 dt
551 3299 733 3402 alphabeti
747 3299 929 3399 ordinem,
939 3297 1127 3376 observata
1142 3299 1262 3375 nescio
1277 3323 1347 3398 qua
1360 3301 1482 3400 inepta
1498 3298 1735 3373 alliterarione
1749 3295 1789 3371 in

129 3403 303 3483 vocibus.
348 3399 426 3478 Has
439 3403 631 3476 memoria
648 3401 821 3476 mandare
889 3423 972 3478 eros
990 3400 1104 3499 jubet,
1125 3423 1172 3475 ex
1194 3401 1235 3474 iis
1251 3399 1540 3474 Grammaticam
1558 3397 1595 3472 dt
1609 3394 1788 3496 Syntarin

132 3505 233 3606 disci,
249 3503 407 3579 themata
421 3501 547 3576 Latine
560 3497 738 3576 scribendi
751 3527 823 3576 con
841 3502 988 3599 ormari,
1007 3523 1053 3575 ex
1069 3501 1112 3576 iis
1130 3499 1312 3597 colloquia
1326 3495 1461 3574 institui
1476 3497 1567 3573 vult.
1641 3497 1787 3570 Verum

132 3627 253 3684 nouo
283 3625 324 3680 us
340 3598 401 3701 est,
425 3621 467 3678 ut
488 3598 608 3677 labori
627 3601 744 3676 inutili
763 3603 1014 3677 immoremur.
1089 3600 1250 3702 Legatur
1269 3599 1414 3700 prolixa
1430 3621 1553 3674 earum
1571 3593 1793 3698 Ephemeri·'

131 3705 226 3784 dum
268 3699 666 3803 idastica,LipsAuuo
685 3701 912 3784 1611111111.
1600 3741 1602 3746 ·
1770 3712 1773 3720 '

239 3903 364 3982 Simile
388 3899 576 4003 quidpiam
592 3901 900 4018 Ephemeridibus
924 3901 993 3978 illis
1016 3923 1098 3978 ante
1117 3897 1234 4002 ipsum
1256 3915 1494 4007 commentus·
1510 3891 1658 3966 videtur
1682 3885 1786 3964 Cra·
1802 3919 1851 3996 34

133 4025 338 4102 uranus,
361 4001 406 4078 ad
421 4002 522 4100 cujus
544 4026 617 4106 ego
633 4002 1092 4106 imitationemVogelium
1105 3996 1286 4076 instituisse
1305 3996 1382 4072 suas
1396 3989 1575 4090 existuno,
1593 3987 1656 4064 sed
1671 3988 1785 4086 longe
1861 4019 1874 4026 -

132 4103 295 4184 diffimili
313 4099 486 4206 profesto
506 4103 644 4206 ingenii
669 4105 847 4202 acumine,
869 4101 1040 4178 industria
1055 4103 1093 4178 dr
1108 4099 1256 4199 judicio.
1331 4097 1394 4171 Ille
1416 4113 1553 4195 pueros
1575 4083 1787 4203 analphabe·

133 4227 207 4304 tor,
222 4201 418 4307 postquam
433 4201 692 4292 primolitetas
707 4201 875 4301 ostendit,
901 4203 939 4279 dt
986 4201 1101 4276 ablica
1118 4223 1211 4275 voce
1254 4195 1495 4292 renunciavit,
1516 4211 1639 4266 omma
1664 4184 1786 4280 docet,

133 4305 288 4384 minutis
311 4303 482 4416 dialogis,
507 4299 568 4376 sed
590 4302 713 4401 Latina
737 4303 879 4404 Lingua
906 4303 941 4378 fa
979 4305 1026 4400 is,
1049 4301 1182 4400 quibus
1234 4296 1474 4466 summatim,
1499 4291 1787 4387 &quecunque

132 4409 200 4483 alia
222 4401 446 4504 quotidiana,
472 4423 686 4502 argumenta
711 4402 1005 4502 comprehendit,
1023 4400 1211 4478 sententias
1236 4400 1342 4474 etiam
1366 4395 1405 4470 ἀ
1430 4417 1449 4466 1
1524 4392 1566 4487 11,
1588 4382 1787 4466 secundum

132 4503 393 4632 Alpbabetum
413 4499 591 4602 ordinata,
610 4503 716 4636 ¹vocis
731 4501 875 4636 alicujus
895 4501 1098 4676 occrstolple,l
1102 4523 1185 4696 qpae
1195 4499 1296 4602 vlegar
1307 4494 1451 4598 semper
1476 4415 1671 4594 {legatque
1683 4507 1786 4660 prpplr⁸

870 4801 917 4842 N
