3970 5236
227 185 305 338 484Ι
421 207 425 216 ¹
576 189 600 302 -1
683 231 693 238 ’
810 228 977 338 Polybist.
1001 221 1115 314 liter.
1138 189 1313 351 Lilstt

231 429 269 483 te
290 402 425 500 denuo,
450 425 496 478 ne
511 401 610 478 hunc
623 397 791 478 favorem
806 399 921 479 nostri
941 404 1008 482 ulla
1022 391 1208 480 obliterari
1217 401 1405 479 oblivione
1421 400 1523 502 finas,
1531 425 1659 502 neque
1673 423 1709 479 te
1726 402 1891 480 aliorum
1974 459 1975 500 .

235 502 531 582 insusurrationes
544 499 635 574 mibi
650 499 824 600 auferant,
840 499 866 575 fi
882 501 1197 604 propeufiffimam
1218 501 1450 579 voluntatem
1472 511 1573 578 tuam
1593 502 1664 601 ulla
1681 497 1906 602 ‚diffidentis
1974 521 1975 536 ¹

235 597 781 708 specietentarefusuideretur.
830 602 926 699 Seio,
942 627 1002 676 me
1020 626 1224 678 memorem
1239 601 1446 679 monere&
1466 605 1627 678 currenti
1645 603 1763 679 calcar
1778 601 1895 680 adde·
1974 641 1975 658 a

235 729 294 798 re3
319 729 403 778 narn
423 701 483 775 vel
500 699 717 798 suspiciones
732 724 829 776 meas
845 704 915 776 tuis
930 699 1058 778 officiis
1074 703 1220 778 vinces:
1249 725 1320 777 oro
1337 721 1468 802 tamen,
1481 709 1648 781 ut'amare
1664 725 1735 778 uos
1772 727 1894 804 ergas,

234 805 360 977 psotius
375 824 416 878 ut
431 799 597 876 officioso
613 821 699 876 meo
721 801 860 900 pudori
882 801 1086 898 consulam,
1133 827 1244 900 quam
1264 823 1305 876 ut
1324 799 1443 878 fidem.
1461 802 1663 886 tuamullu
1685 799 1724 878 su
1740 803 1895 906 picione
1974 899 1975 916 χ

233 929 251 982 a
266 927 429 1006 pergam.

177 1110 224 1182 16
567 1091 794 1198 Exemplum
805 1097 871 1176 Vl
896 1099 1058 1214 Variatio
1082 1098 1268 1174 Formulae
1289 1123 1358 1202 per
1374 1101 1536 1204 Figurae.
1569 1199 1570 1204 Ν
1618 1175 1627 1195 ,

330 1300 474 1372 Formula
491 1301 643 1370 Ciceronis
657 1293 718 1366 hnc
733 1295 772 1392 esi
790 1316 871 1396 apg.
889 1300 966 1375 aba.
986 1299 1031 1378 ad
1048 1303 1256 1372 Familiares:
1275 1305 1323 1372 Tu
1338 1301 1432 1372 velim
1444 1295 1501 1370 tila·
1512 1306 1560 1368 ita
1570 1319 1629 1400 pat·
1643 1299 1898 1385 rtadrmullm
1974 1339 1975 1356 ¹

177 1488 182 1498 Ι
236 1429 304 1478 rem
318 1399 432 1501 affrae!
443 1406 612 1498 minimam,
631 1421 697 1496 qua
717 1397 762 1468 ad
773 1410 982 1498 repatriant,
997 1427 1063 1500 qua
1079 1401 1154 1473 ttriht'
1166 1426 1228 1472 non
1243 1401 1371 1474 charior
1383 1401 1436 1498 stt,
1452 1424 1547 1500 quam
1561 1407 1696 1470 meaerrt
1716 1425 1832 1474 ontntt.

341 1569 370 1620 1.
385 1545 442 1640 -Efl
455 1548 601 1644 Cognitio.
627 1536 747 1640 Qtod
762 1560 887 1615 rerum
900 1561 1042 1616 tuarum
1059 1538 1175 1638 major
1192 1539 1283 1615 mihi
1302 1567 1385 1616 cura
1408 1539 1460 1638 fit,
1478 1563 1588 1637 quam
1603 1563 1783 1640 mearum,
1797 1541 1838 1616 id
1858 1545 1899 1617 ti·
1974 1575 1975 1593 ¹

236 1643 275 1722 bi
292 1665 388 1747 puto
403 1644 509 1716 certis
520 1635 783 1742 ⁴speciminibus
800 1635 866 1736 elle
883 1666 927 1714 co
959 1637 1177 1715 uitiffimum.
1203 1639 1381 1716 Dubitare
1395 1657 1495 1715 'certe
1515 1661 1550 1713 te
1568 1663 1756 1737 nunquam
1769 1640 1898 1716 finam.
1974 1659 1975 1734 l

282 1733 286 1742 ’
337 1769 370 1835 2,
394 1747 564 1842 ignoratio.
590 1738 732 1840 Qanti
748 1735 815 1816 tibi
836 1761 916 1816 mea
930 1665 1022 1813 lues
1038 1737 1091 1836 stt,
1113 1739 1250 1842 ignoro
1270 1739 1450 1838 equidem.
1501 1735 1594 1812 Eam
1609 1737 1702 1816 mihi
1723 1737 1896 1818 elsescias
1974 1767 1975 1812 t

235 1842 360 1943 velim,
375 1863 417 1918 ut
431 1840 683 1914 vehementius
702 1835 747 1911 de
767 1834 877 1912 salute
899 1861 957 1914 tua
972 1837 1145 1935 laborem,
1166 1863 1274 1936 quam
1303 1862 1391 1914 mea.
1673 1859 1701 1873 ·'
1974 1847 1975 1856 ’

353 1981 385 2048 3.
430 1953 544 2052 stensro.
568 1950 628 2024 En
643 1949 810 2024 dextram
826 1973 910 2024 cum
927 1951 1000 2026 hoc
1016 1946 1173 2024 calamo!
1200 1947 1376 2050 enfidem
1396 1973 1481 2024 cum
1500 1945 1575 2023 hoc
1594 1947 1730 2050 animo,
1738 1950 1806 2046 qui
1815 1975 1896 2026 non
1974 1955 1975 1962 ’

238 2079 315 2138 tam
332 2055 426 2160 suus,
441 2077 552 2150 quam
571 2047 673 2124 tuus!
701 2047 738 2122 dt
757 2071 868 2144 quem
889 2049 997 2124 nullae
1014 2069 1170 2150 tangunt
1185 2073 1293 2148 curae,
1309 2047 1373 2124 niti
1389 2071 1471 2124 tuae.
1747 2061 1754 2076 ⁴

252 2163 261 2170 ’
339 2191 373 2262 4.
402 2168 565 2253 Narratio.
629 2156 693 2232 uid
707 2157 773 2231 'alii
792 2155 839 2230 de
867 2156 941 2232 fide
960 2155 1017 2232 sua
1039 2157 1104 2231 tibi
1126 2181 1273 2234 narrent
1297 2179 1358 2234 aut
1381 2157 1533 2258 'jallena
1551 2179 1683 2257 parum
1703 2157 1806 2233 tuad
1826 2161 1897 2234 ani·

141 2275 146 2289 “
238 2291 344 2344 mum
358 2286 503 2340 revoca.
553 2259 597 2334 ld
625 2281 696 2356 cro,
710 2254 824 2332 surdis
839 2255 933 2357 saepe
950 2257 1088 2330 narrari
1104 2253 1251 2356 fabulas,
1273 2255 1575 2332 cumamicorum
1590 2253 1702 2329 fidem
1718 2259 1896 2360 implora·
1974 2253 1975 2264 ’

239 2350 333 2442 mus.
384 2362 437 2438 At
453 2362 532 2436 baec
548 2382 621 2462 ego
641 2357 708 2434 tibi
725 2379 845 2454 narro,
868 2381 946 2431 non
959 2353 1107 2454 fabulas,
1123 2351 1184 2430 sed
1199 2359 1306 2432 amici
1322 2357 1485 2433 oracula:
1511 2353 1600 2442 nibil
1622 2355 1714 2430 mihi
1733 2360 1894 2434 amicitia
1974 2375 1975 2384 ¹

238 2455 302 2542 stu'a
319 2457 604 2560 estepanum,
623 2458 687 2555 qui
703 2455 868 2532 fortunas
891 2478 967 2532 tuas
981 2455 1075 2530 inter
1093 2479 1192 2531 meas
1211 2477 1367 2560 reputo:
1391 2456 1499 2532 salute
1521 2475 1584 2529 tua
1598 2478 1716 2528 meam
1729 2459 1895 2548 tourme-
1974 2491 1975 2558 3

236 2565 275 2639 ri
290 2559 474 2657 existimo,
489 2558 589 2657 cujus'
605 2581 677 2659 ego
694 2555 881 2654 majorem,
897 2578 1007 2654 quam
1020 2579 1111 2630 meae
1124 2554 1246 2656 ipssus,
1265 2559 1445 2633 rationem
1459 2555 1536 2630 sum
1552 2551 1749 2652 habiturus
1974 2563 1975 2586 ¹

222 2724 228 2732 .
349 2695 378 2766 5.
404 2665 587 2766 Didascalt'a.
615 2665 695 2768 Qui
710 2664 799 2739 nihil
814 2661 936 2762 nescis,
951 2661 990 2737 id
1004 2685 1120 2738 unum
1138 2687 1160 2736 a
1178 2687 1237 2738 me
1257 2663 1449 2763 docebere,
1458 2662 1518 2738 vel
1527 2663 1802 2741 reclamantibus
1810 2664 1917 2740 Phi?
1974 2707 1975 2762 1

242 2769 488 2872 losophorum
501 2765 641 2842 Scholls
671 2789 719 2866 ne
729 2789 886 2840 numero
899 2761 1049 2862 quidem
1062 2761 1207 2840 differre
1222 2765 1370 2863 amicos,
1385 2789 1425 2838 ac
1439 2787 1507 2839 nos
1526 2765 1730 2864 praecipue,
1754 2790 1843 2840 cum
1861 2787 1896 2840 te
1974 2767 1975 2846 ἶ

241 2875 280 2947 in
298 2871 372 2945 mei
388 2868 490 2944 velut
511 2865 611 2968 polle
640 2889 765 2941 ionem
779 2863 921 2940 dudum
933 2863 1156 2938 vocaverim.
1250 2861 1454 2962 nicquidttu
1474 2863 1648 2960 volueris,
1670 2862 1706 2937 id
1728 2865 1775 2939 ita
1790 2865 1894 2964 volo,
1974 2915 1975 2966 3

239 2993 282 3047 ut
295 2993 362 3045 nec
380 2991 460 3042 mea
475 2962 628 3042 voluille
644 2961 810 3066 cupidius
817 2989 828 3057 3
854 2959 1030 3062 quicquid
1048 2959 1200 3064 jusseris,
1220 2965 1271 3040 ita
1290 2988 1462 3064 exequar,
1480 2983 1528 3066 ,ut
1554 2988 1623 3039 nee
1656 2964 1737 3040 mea
1757 2967 1894 3062 exequi
1974 2967 1975 3038 L

238 3068 450 3172 promptius
474 3061 617 3166 pollam.
1820 3123 1822 3131 ,

356 3173 389 3240 6.
415 3163 596 3262 Affinnatio.
621 3158 742 3236 Crede
759 3159 862 3258 mihi,
878 3161 968 3236 nihil
986 3157 1048 3262 est,
1062 3159 1165 3259 quod
1182 3181 1244 3238 tua
1258 3161 1452 3244 eausamon
1466 3161 1590 3266 uelim.
1608 3161 1679 3238 Vel
1694 3159 1893 3264 meipsum,
1974 3171 1975 3218 ³

242 3261 429 3368 similetis,
443 3259 573 3360 odero,
590 3283 632 3338 ut
654 3283 776 3334 amem
792 3281 878 3347 tua„
993 3277 1022 3360 J
1218 3269 1222 3276 '

342 3387 377 3456 7.
406 3367 545 3464 Negatio.
569 3361 773 3458 Nunquam
788 3357 863 3457 fiet,
878 3379 954 3434 uta
972 3383 1057 3437 meo
1072 3363 1196 3441 animo
1211 3382 1294 3440 tuus
1308 3362 1368 3438 vel
1385 3363 1497 3439 latum
1523 3386 1688 3467 unguem
1707 3359 1894 3439 dimovea-
1974 3427 1975 3460 ,

242 3486 312 3542 tur.
362 3462 528 3559 Pereant,
537 3464 601 3560 qui
614 3463 709 3536 inter
723 3483 792 3538 nos
808 3458 1010 3538 divortium
1023 3462 1165 3538 volunt.
1216 3461 1279 3536 An
1292 3487 1452 3564 unquam
1461 3488 1529 3566 per
1544 3487 1604 3539 me
1618 3461 1765 3561 desertae
1776 3464 1894 3562 jacue·
1974 3469 1975 3504 l

243 3585 329 3639 runt
344 3586 401 3638 res
420 3559 518 3638 tuae?
541 3585 738 3658 nunquam.
788 3557 906 3634 Citius
923 3559 1015 3654 mihi
1031 3563 1171 3660 oculos,
1190 3586 1245 3662 os,
1259 3585 1387 3638 manus
1405 3565 1639 3669 negaverim,-
1671 3584 1782 3660 quam
1798 3584 1840 3638 ut
1855 3561 1892 3637 il·
1974 3589 1975 3634 ς

241 3663 298 3740 los
312 3659 357 3736 ad
371 3663 478 3736 nurus
493 3682 575 3736 tuos
589 3661 766 3758 caecutire,
781 3658 855 3734 hoc
870 3656 914 3733 ad
925 3657 1012 3757 julla
1032 3684 1096 3736 tua
1116 3659 1377 3760 obmutescere,
1391 3663 1454 3738 has
1473 3662 1539 3739 tibi
1552 3659 1769 3764 comprell'as
1783 3683 1892 3759 atque
1974 3671 1975 3742 l

140 3775 142 3778 ’
247 3759 387 3838 defides
405 3759 471 3836 elle
485 3761 610 3862 patiar,
631 3761 695 3857 qui
712 3780 776 3832 tuo
794 3756 935 3859 spiritu·
944 3763 1059 3863 magis
1074 3763 1179 3862 vivo,
1196 3787 1305 3860 quam
1313 3783 1418 3856 me03
1446 3765 1516 3839 tuis
1534 3762 1648 3838 oculis
1663 3761 1784 3864 ma‘gls
1802 3761 1892 3837 mihi

241 3860 444 4038 prospicio,
469 3884 579 3959 quam
603 3861 712 3954 meis,
740 3880 806 3935 tuo
833 3857 877 3934 ab
898 3882 965 3934 ore
1002 3857 1174 3962 pende03
1208 3863 1278 3946 tuis
1318 3861 1486 3940 manibus
1520 3860 1654 3942 fulcior
1693 3884 1805 3958 atque
1842 3859 1893 3935 su·

273 3984 389 4039 etttor.
652 3972 662 3989 ’
875 4001 883 4016 ·
1010 4015 1013 4022 ·
1251 3959 1255 3978 ¹
1974 4033 1975 4044 ,

235 4071 249 4090 ·’
350 4075 382 4150 8.
406 4067 520 4134 Irom'a.
545 4057 625 4164 Qui
639 4055 707 4156 suis
724 4057 935 4135 utilitatibus
949 4055 1145 4162 ducuntur,
1160 4057 1229 4138 suis
1243 4062 1283 4136 in
1298 4061 1408 4138 rebus
1423 4059 1607 4166 gerendis,
1627 4060 1760 4164 opibus
1774 4083 1892 4138 corra-
1974 4107 1975 4144 1

249 4159 390 4258 dendis,
406 4159 741 4239 centimaniBriarei
754 4159 792 4231 in
805 4158 961 4232 aliorum
975 4161 1113 4252 auxiliis
1133 4163 1196 4236 vix
1211 4161 1398 4259 scaevolae,
1414 4185 1478 4238 eos
1496 4163 1632 4236 amieos
1648 4161 1832 4264 appelles,
1850 4161 1891 4234 iis
1974 4235 1975 4240 ,

248 4263 466 4358 committas,
484 4256 510 4332 st
527 4258 617 4357 quid
634 4257 730 4333 reite
745 4277 907 4330 curatum
923 4258 1023 4335 velis.
1071 4259 1150 4334 Sint
1164 4259 1296 4362 procul
1312 4285 1332 4335 a
1346 4261 1452 4336 nobis
1470 4259 1544 4336 istae
1555 4261 1788 4360 virtutum&
1807 4261 1892 4336 ami·

249 4359 341 4432 ciriae
360 4355 494 4460 pestes!
521 4381 615 4432 atne
630 4355 721 4432 nihil
733 4379 863 4429 eorum
879 4379 1027 4432 metues.
1043 4355 1145 4434 Patet
1160 4360 1224 4435 tibi
1243 4385 1327 4442 cum
1344 4361 1467 4438 anim'o
1483 4356 1585 4458 fides,
1595 4359 1757 4450 hominis
1773 4361 1891 4464 magis

249 4455 326 4558 tibi,
341 4483 451 4556 quam
464 4455 529 4532 fibi
546 4455 711 4568 obnoxii,
726 4455 841 4556 magis
856 4457 928 4535 tuis
950 4453 1071 4558 rebus,
1087 4483 1197 4558 quam
1220 4457 1290 4538 suls
1307 4457 1417 4540 rebus
1437 4459 1669 4566 invigilantis.
