3970 5236
246 285 327 374 „0
498 352 501 366 Ι
723 331 726 336 ,
810 245 999 358 emin.
1024 243 1137 331 caer.
1159 243 1238 352 ze.
1255 248 1301 327 n.

226 403 657 603 'scunt,⁵ne'c'quis'gkuatri
670 439 800 502 eornm
814 420 918 498 domi
931 419 989 497 est.
1042 419 1116 517 Tu,
1130 418 1159 493 st
1172 417 1288 528 sapis,
1288 416 1473 495 veteribus
1489 413 1623 516 amicis,
1656 411 1908 538 guarum'tibi
1973 437 1974 448 ¹

254 537 411 643 spedata
425 531 515 608 fides
531 555 551 606 e
583 589 593 626 ,
608 549 720 603 utere.
770 523 872 598 Inter
886 543 949 596 eos
964 543 1024 596 me
1044 517 1153 598 hebes
1167 517 1308 633 semper
1324 540 1439 614 tuum,
1459 518 1497 593 dc
1513 513 1651 620 ignarae
1665 513 1843 614 εμψυχον.
1869 511 1912 588 lu

257 661 321 717 tua
333 634 412 713 sum
430 627 617 736 potestate,
634 626 671 700 dc
687 647 769 722 quae
782 622 831 696 de
848 622 917 698 tuis
931 623 970 694 in
984 642 1064 694 mea
1081 615 1150 693 esse
1166 619 1233 715 vis,
1248 641 1286 690 m
1301 638 1360 692 tua
1377 614 1445 691 else
1462 639 1540 692 non
1555 611 1727 691 desinent.

346 825 353 832 Ι
381 761 435 834 53.
453 737 585 803 ,Versum
611 726 647 800 Si
667 721 757 822 quid
774 721 905 816 habes,
939 721 977 802 in
1000 742 1077 817 quo
1096 718 1200 791 amici
1229 713 1341 790 fidem
1360 718 1532 813 requiris3
1559 713 1620 794 en!
1646 735 1730 789 tuus
1745 709 1846 802 sum3
1869 707 1915 784 ad

258 859 358 916 arani
378 827 578 908 enimfidei
592 848 652 900 me
666 821 740 899 tibi
754 845 852 898 nunc
872 816 964 894 sisto.
1039 816 1126 892 Tibi
1148 813 1336 894 vidimam
1361 838 1421 890 me
1444 839 1589 892 voveo:
1611 812 1678 892 tibi
1704 835 1766 888 me
1794 827 1916 886 toturn

211 964 229 976 ‘
258 936 457 1034 omniaque
471 950 551 1004 mea
567 921 749 1002 consecro·
1475 1001 1476 1005 Ἴ

394 1055 449 1128 54
473 1027 656 1126 obsecratio.
678 1021 774 1097 Non
790 1015 949 1094 desmam
964 1013 1363 1132 te.fatigareprecibt1s,
1380 1038 1423 1094 ut
1441 1041 1522 1094 mea
1538 1015 1685 1099 tandem
1697 1013 1811 1088 umis
1833 1011 1917 1088 ami,

256 1137 354 1232 ciria,
372 1129 437 1206 nisi
451 1127 525 1228 ipse
540 1123 670 1200 habeas
685 1120 879 1198 inutilemr
894 1142 966 1217 qua
979 1141 1025 1191 ne
1038 1139 1098 1192 me
1111 1115 1239 1192 afficias
1251 1120 1389 1216 injuria,
1406 1117 1471 1212 tibi
1486 1115 1661 1218 supplico.
1690 1111 1917 1216 Qanquam

261 1237 412 1335 vulgus,
428 1251 470 1303 ut
488 1245 595 1302 vetus
610 1222 719 1297 habet
732 1218 902 1318 verbum,
925 1217 1095 1291 amicitias
1111 1217 1263 1292 utilitate
1277 1217 1413 1316 probet
1430 1245 1442 1314 3
1466 1216 1616 1293 vinculo
1643 1234 1767 1288 tamen
1795 1213 1916 1310 alique

202 1347 204 1354 '
251 1332 429 1414 'amicitiae
444 1327 512 1402 illae
530 1322 710 1398 contineri
725 1317 871 1417 debent,
886 1339 932 1392 ne
951 1313 1189 1390 collabascant.
1237 1375 1249 1381 -
1483 1331 1488 1337 ·

403 1452 458 1523 55.
480 1420 718 1499 Caeneadae.
769 1415 849 1530 Qai
870 1414 1020 1492 multos
1042 1415 1302 1491 commendare
1322 1417 1388 1493 tibi
1410 1415 1521 1514 soleo,
1536 1437 1635 1490 nova
1650 1411 1747 1516 apud
1764 1432 1802 1489 te
1818 1433 1916 1488 com·
1973 1407 1974 1410 ’

258 1527 495 1611 mandatione
507 1504 592 1626 {ipse
612 1541 721 1622 egere
738 1516 830 1592 milri
842 1515 984 1590 videor.
1058 1511 1169 1589 Adeo
1189 1514 1290 1590 enim
1307 1513 1442 1592 oblitus
1458 1517 1533 1592 mei
1556 1539 1607 1612 es,
1625 1534 1667 1590 ut
1680 1538 1707 1588 o
1757 1537 1837 1586 ram
1851 1537 1915 1588 no·

202 1691 205 1726 ,
256 1632 373 1708 uram
392 1625 487 1702 nulla
505 1625 542 1721 in
560 1644 600 1696 re
614 1613 1006 1712 desiderare-videaris3
1032 1636 1118 1689 cum
1132 1614 1237 1692 nullis
1253 1614 1422 1694 libentius
1440 1639 1551 1716 quam
1574 1615 1645 1692 tuis
1665 1629 1708 1689 re'
1732 1635 1776 1712 us
1793 1635 1916 1688 curam

259 1727 458 1808 intendam.
531 1727 545 1804 ’ζ

396 1833 454 1923 55.
479 1820 628 1924 Cotitefflo.
658 1819 782 1905 Scribe
798 1815 935 1893 modo:
960 1765 1031 1891 tuis
1047 1836 1067 1889 e
1081 1761 1120 1889 'o
1138 1811 1320 1892 desideriis
1336 1815 1560 1894 subscribam.
1637 1812 1746 1890 Nihil
1761 1813 1810 1887 i'ra
1823 1791 1946 1886 meae⁸
1973 1777 1974 1780 i

260 1925 449 2032 potestatis
466 1924 692 2026 erit,strn0n
706 1917 781 2020 ipse
797 1917 908 1992 velim
928 1935 1011 1990 tuae.
1104 1913 1262 2016 mnibus,
1275 1917 1409 2016 quibus
1421 1908 1583 2020 '‘potero,
1600 1911 1729 1990 officiis
1744 1911 1917 1988 tibicom·
1973 1937 1974 1942 ¹

235 2055 301 2105 ,tn
329 2025 487 2103 daturus.

304 2053 329 2106 0
398 2147 454 2220 57.
481 2127 669 2194 Gratiarum
685 2118 783 2194 Assio.
809 2115 954 2191 Gratias
967 2115 1041 2190 ribi
1059 2137 1144 2212 acro,
1164 2113 1267 2212 quod
1278 2140 1422 2220 magno
1443 2139 1504 2192 me
1530 2117 1695 2192 beaveris
1722 2109 1913 2190 beneficio.

259 2223 381 2328 Qiod
396 2225 493 2298 enim
507 2220 620 2318 majus
629 2218 846 2318 contingere
858 2217 975 2289 amico
990 2181 1208 2289 benedicium
1226 2214 1347 2315 possit,
1362 2217 1529 2314 quemad
1544 2215 1661 2291 officia
1671 2213 1918 2310 beneficiaque

142 2337 153 2350 “
259 2319 433 2438 invitari?
460 2323 598 2397 utinam
620 2339 750 2398 eorum
772 2315 926 2414 aliquam
949 2333 1092 2414 partem
1113 2313 1266 2422 implere
1287 2314 1440 2417 possem,
1458 2341 1542 2414 quae
1559 2316 1612 2392 ad
1628 2313 1688 2391 Te
1707 2312 1915 2392 ornandum

249 2443 456 2499 ‘'erttnent.
1283 2463 1285 2468 -

259 2447 289 2522 P
407 2533 463 2612 53.
489 2517 664 2617 Recufirrio.
686 2513 768 2594 Odi
780 2515 913 2590 aulicos
936 2513 1016 2590 illos
1037 2512 1238 2594 verborum
1260 2535 1464 2618 apparatuS,
1488 2513 1621 2614 quibus
1640 2513 1810 2594 adversus
1832 2517 1917 2590 ami·

262 2641 351 2696 cum
369 2621 489 2695 uteris.
539 2618 681 2692 Annon
697 2613 790 2693 nosti
807 2613 982 2688 Graecum
999 2615 1105 2690 illud:
1131 2621 1269 2694 ἁπλοῦς
1289 2616 1428 2716 spebus
1440 2621 1502 2706 τῆς
1517 2615 1692 2708 dinisius
1707 2613 1785 2715 ἔφυ.
1807 2619 1914 2692 Nolo

264 2717 465 2817 blanditias,
477 2715 563 2817 jussa
585 2717 699 2811 volo;
723 2740 818 2814 quae,
840 2737 916 2811 quo
931 2711 1185 2814 severiora„eo
1205 2716 1299 2792 mihi
1313 2715 1518 2792 blandiora:
1543 2739 1620 2814 qno
1649 2737 1688 2792 tu
1708 2741 1770 2792 me
1794 2720 1915 2796 minus
1973 2766 1974 2809 ;

262 2842 388 2921 rogas,
409 2843 454 2894 eo
469 2818 703 2919 promptiora
716 2814 782 2890 tibi
800 2837 879 2888 mea
899 2835 1006 2914 erunt
1033 2813 1159 2892 officia.

362 2949 368 2958 ·
403 2943 457 3014 59.
482 2920 655 2988 Exulran'o.
681 2914 780 2988 Cum
794 2937 874 2988 mea
893 2911 1078 3014 diligentia
1093 2913 1264 2990 effessum
1277 2914 1348 2988 tibi,
1360 2910 1538 3014 viderem,
1566 2915 1670 3015 quod
1687 2938 1729 2990 ru
1750 2916 1915 3022 efflagita·

180 3056 183 3062 ·
264 3018 328 3092 bas
344 3013 580 3116 cupidissime,
597 3013 885 3096 exultarelaetitia
899 3010 943 3085 &2
959 3013 1187 3113 triumphare
1233 3013 1343 3088 audio
1359 3019 1464 3116 ccrpi.
1495 3007 1555 3092 ¹Et
1567 3017 1752 3118 hunc-ego
1771 3043 1915 3123 anego
1973 3061 1974 3076 κ

227 3173 244 3188 ,.
261 3118 324 3189 riis
339 3118 409 3188 tuis
429 3111 588 3186 siusium
612 3113 754 3211 primus
770 3112 887 3208 capio,
908 3111 1070 3208 primum
1086 3112 1158 3187 hoc
1166 3117 1218 3186 mi
1246 3111 1370 3209 iquod
1385 3112 1428 3201 stt
1442 3115 1630 3218 gaudium,
1646 3111 1751 3190 tuum
1767 3119 1913 3194 vesose-
1973 3161 1974 3166 =

264 3212 441 3286 cundum.
490 3211 617 3313 Qtam
638 3207 782 3284 offelini
796 3231 881 3282 meo
897 3213 1179 3311 praerogativam
1198 3235 1276 3286 non
1290 3213 1482 3314 invidebis,
1508 3237 1559 3314 nt,
1575 3219 1640 3314 qui
1655 3213 1779 3292 studio
1804 3243 1845 3294 ac
1865 3219 1912 3296 ef·

264 3309 411 3386 siciendi
424 3307 607 3386 desiderio
617 3333 677 3384 me
687 3301 1067 3410 ipsumdtindustriam
1079 3313 1254 3412 praeveni,
1273 3333 1331 3386 tua
1345 3337 1493 3410 quoque
1510 3317 1640 3417 gaudia
1659 3321 1911 3416 praevenirem.
1973 3317 1974 3404 i

407 3417 464 3485 60.
488 3410 663 3506 Jadancia.
689 3409 803 3521 Nunc
821 3429 894 3522 ego
915 3405 961 3522 de
977 3409 1084 3485 rebus
1100 3405 1168 3485 tuis
1185 3408 1310 3486 benea
1324 3437 1384 3488 me
1398 3414 1505 3514 gestis
1520 3415 1684 3516 gaudeo:
1709 3416 1806 3492 hane
1818 3423 1911 3496 enim
1973 3429 1974 3498 Τ

264 3509 357 3584 mihi
379 3510 576 3682 grloriolam
591 3511 628 3582 in
643 3509 716 3582 hoc
734 3530 897 3582 amictnae
917 3510 1113 3583 certamine
1127 3509 1294 3603 vindic03
1315 3511 1403 3585 nulli
1422 3510 1506 3610 fide,
1530 3514 1717 3615 diligentia
1732 3517 1910 3594 concellu-

220 3627 224 3634 “
262 3632 334 3684 rus.

424 3635 448 3682 u
463 3605 579 3682 modo
599 3631 698 3702 cave,
714 3630 759 3686 ne
775 3629 837 3680 tua
850 3607 909 3679 vel
923 3605 1119 3682 diffidentia
1132 3609 1191 3684 vel
1210 3607 1377 3684 socordia
1401 3613 1532 3712 gloriae
1555 3613 1640 3688 huic
1660 3612 1797 3690 nostrae
1818 3621 1909 3716 quic·
1973 3657 1974 3704 ῃ

262 3731 373 3804 qnam
389 3705 615 3799 detrahatur3
639 3706 804 3803 quamita
817 3703 996 3782 custodire
1007 3708 1130 3808 cupio,
1140 3731 1191 3809 ut,
1206 3705 1338 3784 stidem
1352 3735 1497 3804 mecum
1513 3713 1677 3820 velis,res
1692 3735 1765 3790 tuae
1776 3740 1911 3817 jaceant
1973 3739 1974 3768 ³

188 3833 192 3839 ·
259 3831 336 3884 nun
365 3831 459 3881 uam
621 3878 623 3885 ,
1599 3861 1600 3867 ¹
1818 3871 1826 3882 .

338 3833 363 3904 q
392 3914 448 3981 61.
473 3908 662 3978 Gratularis.
685 3903 763 3998 Jam
777 3901 1064 3992 licetacclamem
1085 3903 1300 4001 ribifirlairer
1317 3906 1355 3984 dc
1372 3910 1475 4011 mihi,
1496 3911 1542 3988 de
1561 3911 1714 3988 feliciter
1737 3917 1908 4020 expedito

139 4091 142 4100 ,
259 4007 432 4110 negoti03
482 4029 549 4080 nec
596 4027 674 4079 ores
690 4023 762 4078 tam
782 4005 848 4078 tibi
865 4001 945 4104 ipsi,
971 4027 1030 4080 aut
1049 4006 1105 4079 alii
1120 4005 1184 4080 tibi
1203 4009 1248 4081 ita
1263 4011 1444 4110 gratulari,
1469 4034 1544 4087 ute
1575 4038 1599 4088 0
1626 4013 1719 4088 mihi
1733 4021 1898 4118 gratulor

220 4124 366 4203 „atque
387 4107 423 4178 in
448 4099 525 4179 sinu
579 4103 688 4178 elsae
713 4101 878 4178 felicitare
906 4125 976 4202 tua,
1001 4129 1083 4201 quae
1108 4105 1146 4182 dt
1166 4129 1246 4180 mea
1268 4103 1329 4205 est,
1354 4111 1508 4212 gaudeo.
1585 4111 1664 4186 7ihil
1693 4118 1795 4191 enim
1822 4079 1908 4192 m'i

257 4207 395 4376 grippes
420 4227 581 4302 unquam
607 4202 757 4300 accidet,
779 4224 890 4298 quam
913 4202 940 4278 st
964 4228 1031 4303 per
1056 4207 1179 4282 meant
1202 4229 1354 4307 operam
1379 4211 1472 4311 grati
1496 4211 1632 4310 aliquid
1658 4211 1725 4287 tibi
1748 4217 1908 4294 accidere

285 4326 375 4378 ort.
1318 4323 1326 4340 ’
1440 4344 1444 4354 ¹
1594 4335 1599 4344 ·

201 4487 206 4494 ,
255 4329 281 4403 P
388 4408 411 4475 6
417 4423 445 4477 2.
471 4400 608 4498 Plaustri.
635 4397 779 4495 Plaude,
787 4399 859 4496 jam
876 4397 1020 4501 perseia
1036 4421 1095 4476 tua
1109 4399 1159 4476 est
1174 4401 1299 4481 sabula.
1313 4403 1398 4506 Ego
1414 4405 1565 4484 Roscius
1578 4412 1616 4484 in
1630 4411 1697 4488 hac
1712 4413 1818 4494 scena
1831 4443 1908 4520 pet·

252 4499 491 4584 sonamruam
508 4497 664 4601 perbelle
677 4497 835 4578 nudavi.
859 4498 1028 4577 Successit
1044 4527 1064 4580 e
1079 4524 1172 4578 voto
1187 4529 1256 4584 res.
1283 4504 1388 4606 Qud
1404 4507 1460 4584 vis
1471 4505 1654 4610 amplius?
1672 4513 1741 4591 tibi
1758 4519 1907 4618 plaudo,

1785 4617 1909 4696 &iiiiii

1722 5085 1727 5092 ,

1858 5179 1865 5186 ι
