3882 5234
747 1 927 44 Ὗ.

577 257 662 362 Cap,
678 253 723 342 tt..
749 257 809 336 De
823 251 1209 374 curriculofiholastico.
1333 298 1343 308 ¹
1631 275 1711 370 449ss

84 435 205 540 marica
225 431 364 511 Graecae
384 429 575 534 impendit.
625 431 766 536 Qrarta
779 435 871 508 'cum
895 429 978 534 styli
999 434 1177 512 exercitiis
1198 457 1318 536 praece
1348 454 1382 515 ta
1406 412 1638 526 Herenniano¹
1666 438 1706 518 dt

81 536 272 640 partitiones
294 532 485 626 Ciceronis
507 533 647 636 ungit„
708 533 844 630 Neque
864 531 937 610 fine
956 533 1302 620 ratione—Ciceronis
1320 458 1437 612 libros
1452 538 1581 614 ceteris
1604 561 1723 614 corn·—

80 633 254 737 pendiariis
268 632 395 712 libellis
406 558 564 733 prntdrt.
614 631 733 713 Addit
757 633 825 708 illis
842 631 1035 716 Salustium
1048 633 1086 708 dt
1102 631 1282 735 Plautum,
1302 635 1375 712 ubi
1396 657 1543 738 tempus
1553 655 1556 706 ἐ
1566 634 1707 738 supere·

78 737 127 813 n't.
170 734 290 833 Atque
305 731 523 835 bicprolixe
537 730 583 808 de
597 733 737 830 ratione
765 730 971 816 resolvendi
992 735 1189 831 orationes,
1210 735 1250 812 d<
1280 736 1504 838 colligendis
1516 733 1705 838 phrasibus
1774 805 1779 812 .

78 838 157 937 agiu
179 857 249 932 qua
262 832 308 910 de
327 855 367 908 re
381 831 597 936 singularem
611 855 763 930 quoque
777 831 912 906 librum
925 832 1192 934 conscripta&
1207 859 1277 913 nos
1289 835 1374 912 alibi
1388 836 1539 935 plenius.
1590 835 1705 914 Inter·

74 931 144 1014 serit
161 938 262 1012 etiam
276 931 444 1032 quadam
461 930 507 1008 de
520 931 901 1028 commentationibus,
915 933 1048 1028 quibus
1067 931 1270 1011 adsuescere
1296 957 1433 1034 pueros
1452 958 1593 1014 mature
1615 938 1704 1016 vult.

74 1028 333 1136 Argumentum
352 1034 421 1108 illis
435 1031 481 1108 ad
496 1029 731 1128 ructandum,
749 1053 809 1106 aut
832 1029 1081 1137 probandum,
1105 1051 1166 1109 aut
1189 1031 1489 1134 amplificandum
1510 1037 1704 1138 proponit,

71 1133 208 1234 spatium
220 1131 294 1231 det,
315 1131 441 1212 eadem
458 1131 558 1236 bora.
578 1155 645 1228 qua
658 1126 868 1212 docendum
883 1129 1029 1229 etat‚·ad
1048 1132 1297 1234 cogitandum,
1311 1153 1370 1232 nt,
1385 1133 1489 1234 quod
1507 1158 1611 1212 antea
1623 1134 1704 1212 ‘scri

72 1231 318 1334 prumadferre
334 1229 609 1326 consueverant,
631 1226 671 1307 id
682 1229 756 1326 jam
775 1228 1134 1328 meditationemque
1151 1234 1376 1335 cogitatione
1396 1234 1703 1334 comprehensum
1735 1249 1741 1258 “

70 1335 308 1438 pronuncient.
340 1329 478 1445 ··Qrod
490 1331 708 1407 exercitium
724 1326 810 1404 sime
819 1331 1033 1428 praeclarum
1054 1329 1118 1430 cst,
1138 1331 1311 1432 &prom
1332 1332 1528 1411 titudinem
1548 1335 1705 1432 aliquam

70 1435 100 1508 in
115 1431 264 1508 dicendo
282 1432 320 1510 dt
335 1455 380 1508 co
402 1429 535 1507 utendo
550 1427 659 1504 efficit
687 1451 744 1506 tna
774 1453 825 1507 no
839 1425 966 1528 postea
978 1429 1056 1506 usati
1076 1430 1253 1532 futurum,
1276 1359 1341 1508 udi
1361 1431 1407 1507 ad
1428 1458 1509 1510 rem
1531 1432 1644 1534 ipsam
1660 1437 1705 1514 dt

68 1533 199 1634 negotia
213 1535 301 1608 vitae
317 1456 433 1608 credis
452 1551 606 1608 ventum
621 1487 680 1608 esd.
750 1553 775 1602 n
790 1526 937 1606 Ordine
954 1533 1076 1630 terrio,
1098 1533 1213 1608 Anno
1246 1533 1305 1608 vel
1328 1533 1466 1608 ravel
1492 1559 1545 1626 ta.
1570 1557 1704 1634 praece·
1780 1579 1783 1584 ·

66 1629 343 1728 pta-Rhetoricae
353 1626 560 1719 Dialesiicis
571 1625 758 1729 jungenda
784 1625 919 1726 suadet,
935 1626 1127 1706 Ciceronis
1135 1631 1205 1706 To
1236 1633 1287 1708 'ca
1308 1631 1345 1708 ὅ(
1360 1629 1565 1711 Aristotelis
1587 1633 1705 1712 Diale·
1743 1655 1754 1718 ,“;

68 1727 152 1828 ilica,
167 1725 427 1815 Demosthenis
442 1722 676 1808 &menne
695 1723 913 1808 *adversarias
933 1732 1118 1812 orationes
1130 1754 1207 1832 exp
1220 1731 1361 1810 icaodas
1374 1737 1396 1826 3‘
1411 1731 1726 1829 Commentatim

66 1843 120 1905 nes
139 1827 413 1928 consonamus,
424 1828 468 1904 dt
487 1848 617 1926 partes,
632 1827 804 1928 integras,
827 1825 975 1927 sumpto
994 1828 1054 1906 adr
1070 1829 1516 1932 cogitandumtcmpore,
1536 1835 1707 1912 oratione

64 1927 171 2006 latina
192 1931 411 2006 mernoritee
425 1923 614 2022 dilatanda,
630 1947 708 2006 rum
731 1925 974 2026 scliccccnm
988 1927 1106 2010 domo
1122 1929 1256 2012 teemst
1275 1925 1421 2011 meant.
1473 1931 1537 2009 Ad
1555 1934 1706 2030 Livium

65 2031 157 2104 etiun
181 2051 283 2106 nunc
303 2026 490 2132 progredi
503 2029 541 2100 in
555 2021 726 2101 Historiis
737 2007 838 2102 auin
911 2027 954 2103 In
978 2027 1127 2106 Ordine
1149 2029 1320 2129 secunde,
1345 2032 1460 2108 Anno
1486 2027 1543 2122 ia.
1566 2033 1706 2132 ve114.

63 2123 527 2206 Demoilherrisorationem
551 2149 622 2226 pro
638 2123 1076 2228 Ctesiphonteexplicari,
1098 2129 1280 2210 dialedlica
1301 2153 1487 2234 praecepta
1507 2155 1553 2209 ex
1568 2131 1708 2212 Atilio·
1824 2179 1826 2186 ‹

64 2229 350 2325 relecontinuari,
364 2225 563 2323 eademque
579 2225 683 2302 hora'
701 2225 889 2328 dialogum
911 2251 935 2302 e
954 2227 1105 2312 Platone
1124 2230 1166 2306 dt
1189 2230 1372 2308 Cicerone
1393 2234 1496 2308 velut
1520 2235 1559 2310 in
1585 2257 1706 2312 exem
1737 2296 1742 2303 .
1833 2240 1836 2246 ’

83 2328 150 2405 ium
163 2331 334 2431 proponi
352 2325 483 2404 suadet.
556 2325 1018 2410 PartitionibueOteteriis
1034 2327 1227 2422 scribendo
1251 2329 1601 2410 &commentando
1626 2331 1705 2410 inli-

61 2351 223 2526 dentium,
239 2430 283 2504 dt
295 2425 496 2506 ad'sirmius
510 2424 687 2524 judicium
703 2429 826 2524 omma
847 2428 1037 2530 exigenda.
1109 2430 1152 2507 ln
1172 2429 1319 2509 Ordine
1345 2433 1482 2532 primo,
1507 2457 1603 2510 anno
1619 2432 1706 2510 scili·

61 2549 109 2602 cet
125 2555 175 2622 14.
191 2530 260 2614 vel·
280 2553 333 2620 15.
348 2528 446 2614 viatn
459 2525 503 2602 ad
519 2527 665 2628 primae:
674 2549 767 2605 artes
787 2529 1035 2632 marcianusque
1056 2527 1260 2629 disciplinas
1272 2533 1388 2629 aperit
1409 2529 1706 2636 adolescentibus,

59 2631 205 2728 repetitis
230 2651 358 2706 tamen
410 2611 579 2723 rioribus,
602 2648 711 2724 atque
725 2623 782 2703 ..stc
802 2625 895 2706 bene
919 2649 1143 2728 praepareros
1162 2627 1208 2702 ad
1223 2628 1442 2706 Academica
1463 2629 1576 2706 studia
1592 2653 1705 2712 trans·

56 2731 162 2805 mittit.
237 2733 259 2778 ⁴*
293 2652 517 2828 Explicarins
531 2723 668 2828 fingula
680 2722 805 2827 postea
820 2725 966 2801 deducit
981 2730 1018 2801 in
1039 2729 1173 2829 Epistola
1187 2729 1244 2806 illis
1258 2727 1391 2828 cuffiam,
1411 2753 1499 2826 quas
1522 2730 1567 2804 ad
1585 2729 1706 2833 singu.
1722 2763 1768 2818 21

58 2826 165 2904 lorum
180 2828 379 2910 Ordinum
396 2825 457 2902 vel
470 2825 665 2904 Curictum
682 2824 877 2927 praefedios
901 2823 1049 2927 scripsit,
1070 2824 1201 2904 additis
1221 2849 1301 2904 tum
1320 2829 1429 2904 novis
1470 2851 1569 2908 ,raece
1600 2832 1706 2906 tioni-

59 2924 125 3026 bus,
139 2953 219 3006 tum
238 2927 434 3028 exemplis.
509 2926 709 3007 Multa-hic
728 2925 781 3014 def
796 2927 939 3020 ordine,
963 2929 1000 3005 in
1016 2925 1215 3008 ¹uocabulis
1239 2925 1416 3008 discendis
1438 2853 1631 3026 idrvando,
1659 2931 1706 3006 de
1820 3009 1823 3014 ,

58 3029 524 3124 voluminesentenriatum,
538 3050 607 3126 per
620 3024 797 3128 periodos
813 3023 1044 3129 digestarum,
1059 3025 1105 3102 de
1121 3025 1435 3128 premeridibus
1453 3027 1636 3127 faciendis
1659 3029 1707 3108 de

55 3127 159 3204 modo
176 3125 393 3234 explicandi
401 3125 567 3230 epistolas
583 3125 791 3224 Ciceronis,
804 3125 1033 3218 desormulis
1050 3125 1304 3204 sententiarum
1323 3151 1395 3228 pro
1419 3125 1514 3227 llylo
1539 3151 1706 3206 exercen-

57 3222 109 3326 do,
124 3225 169 3302 de
184 3231 406 3324 carminum,
429 3226 690 3326 exemplorum
704 3225 906 3324 volumine,
929 3226 967 3302 ἃ
980 3226 1145 3326 pluribus
1158 3227 1349 3304 aliisutilia
1363 3251 1571 3306 monentur.
1621 3229 1719 3306 era-¹

55 3328 109 3400 rin
123 3330 345 3406 ulteriorem
361 3329 400 3402 in
415 3329 525 3402 Schola
544 3331 721 3432 taringum
736 3324 868 3400 exhibet.
943 3325 1042 3428 Qnae
1066 3329 1190 3402 omnia
1216 3327 1364 3428 egregia
1381 3323 1704 3430 func-optimoque

56 3425 196 3506 confilio
219 3426 393 3504 instituta·
617 3523 627 3564 x
666 3507 668 3512 ,

139 3621 533 3707 Srutmianieconstliis
546 3623 679 3702 merito
692 3624 870 3704 accenseri
881 3623 1019 3702 debent
1033 3621 1219 3704 Caseliana.
1269 3624 1374 3706 Nam
1387 3627 1425 3702 in
1443 3627 1551 3704 uariis
1563 3624 1705 3728 scriptis
1721 3659 1769 3713 22

51 3751 121 3808 rent
133 3727 390 3823 scholasticam
407 3722 575 3821 CaseliuS,
590 3737 661 3822 qua
674 3726 801 3825 potuit
815 3725 1014 3827 diligentia,
1035 3723 1297 3803 emendandam
1306 3724 1579 3822 ornandamque
1596 3725 1704 3802 susce

47 3829 106 3928 pit.
179 3826 303 3904 Extat
320 3824 547 3924 ejuslibellus
564 3821 686 3900 similis
700 3847 784 3902 cum
800 3825 1007 3903 Sturrniano
1031 3825 1125 3901 tituli
1148 3825 1187 3896 dc
1206 3827 1280 3899 ludo
1301 3829 1442 3902 literaria
1468 3827 1552 3899 recle
1568 3836 1704 3926 apeta'en-
1803 3917 1808 3920 η

46 3931 90 4011 do,
101 3932 137 4004 in
150 3953 232 4027 quo
248 3923 427 4028 pleraque
448 3947 533 3998 curn
544 3923 1010 4023 Smrmianisconveniunt,
1022 3923 1087 4002 nili
1102 3923 1203 4024 quod
1216 3925 1395 4001 Sturmius
1412 3925 1541 4024 majori
1553 3926 1704 4030 α’κριζεὶορ

45 4028 78 4103 in
107 4050 320 4132 operarum
347 4019 632 4099 scholasticarum
656 4023 884 4123 pactionibus
908 4021 989 4100 usus
1006 4023 1061 4100 lit.
1099 4036 1130 4068 ‘²'
1146 4023 1318 4100 Primum‘
1336 4026 1375 4100 in
1396 4023 1597 4100 infantibus
1618 4050 1702 4125 pro·
1717 4056 1762 4130 23
1775 4070 1786 4078 ·-

45 4131 325 4207 nuntiationem
342 4123 530 4202 literarum
546 4123 583 4198 dt
598 4119 868 4224 calligraphiam
882 4123 1024 4222 majori,
1038 4121 1241 4224 quamfieri
1255 4121 1355 4220 solet,
1376 4149 1460 4202 cura
1481 4119 1701 4200 trauandans

39 4225 167 4308 suadet.
225 4219 667 4303 Grammaticam'illestm
698 4225 910 4334 sicamque
924 4225 963 4300 in
974 4222 1057 4300 solis
1073 4227 1267 4300 nominum
1284 4221 1701 4312 &uerboruminflexio-

43 4329 142 4406 nibus
157 4329 200 4405 dt
219 4325 376 4427 exiguis
394 4321 531 4398 terrulis
543 4247 748 4422 lynradlcis
764 4320 938 4420 conltllat,
956 4327 1119 4422 requirit,
1136 4345 1252 4400 cetera
1270 4322 1315 4399 ab
1339 4322 1402 4400 usu
1418 4325 1455 4400 d<
1466 4320 1624 4398 lesiione
1648 4323 1700 4397 dis

43 4425 165 4507 scenda
185 4423 337 4520 suadet,
351 4385 526 4498 adhibitis·
542 4443 620 4498 tnm
638 4423 675 4496 in
691 4419 881 4498 confilium
896 4421 1126 4500 uberioribus
1145 4425 1413 4501 commentariis
1435 4421 1701 4499 Grammaticis.

43 4527 398 4701 interpretatponem
411 4521 640 4624 „pransae
653 4521 1112 4697 perspicuamkppaescribit,
1131 4521 1298 4602 sermone
1320 4521 1545 4632 Germanico
1562 4523 1703 4624 Latino,

84 4630 297 4726 Turnus·
429 4653 460 4694 -·
637 4631 664 4712 J
785 4645 830 4690 -“
1630 4648 1703 4724 pro
