3948 5234
373 315 384 340 .
440 239 522 342 Cap·
545 233 648 332 VIII.
661 237 730 318 'De
744 207 932 341 Excerpsit
945 233 1378 346 otmarilsapstematiais.
1578 231 1580 236 ’
1674 244 1748 336 509
1864 268 1867 279 Ι
1965 208 1966 246 ι

88 407 208 490 nostra
222 405 404 486 cautioell
419 434 453 484 n.
467 432 530 488 2ι.
546 404 621 484 vid.
639 433 673 484 ιι.
689 431 746 503 23.
799 433 832 504 3.
860 409 1079 488 nacaraiaaa
1090 377 1354 511 paliiapericuii,
1379 403 1648 487 fiin'alterutro
1686 432 1739 486 ee-

86 509 242 600 candum
262 507 317 606 fit,
337 509 459 584 malim
472 505 593 584 videri
607 509 715 593 nonis
730 505 889 606 timidus,
903 533 1015 605 quam
1038 532 1168 609 parum
1194 506 1370 609 prudens,
1392 535 1426 582 ιι.
1449 530 1507 584 22.
1525 509 1622 611 Rufio
1666 511 1737 594 cadi

84 611 242 714 rogando:
258 631 319 711 par
332 615 622 710 Interrogatt'onrm,
634 633 675 706 [ιι.
698 633 755 684 22.
769 613 837 696 23.
854 630 913 710 pet
936 611 1099 692 Daremma,
1121 633 1154 683 ιι.
1173 631 1232 686 22.
1257 611 1427 686 comedar
1441 607 1571 705 ‘objassa
1597 629 1642 680 un
1661 613 1736 692 uali-

83 715 171 786 diora
182 719 305 795 rasione
316 707 516 809 respondeas:
534 732 573 780 n.
590 733 610 782 2
616 735 647 804 3.
695 705 768 784 Sed
787 729 907 796 tamen
932 732 1017 782 eum
1036 709 1215 785 inanimis
1236 705 1431 782 hominum
1460 731 1567 784 tantoe
1589 709 1733 786 latebrae

83 811 160 888 lint.
235 807 450 910 Respondeadi
469 808 514 880 ad
529 805 752 904 Oljaa‘iiaaem:
789 829 828 879 ut
846 815 1031 907 grauiorem
1050 817 1168 904 sanas,
1191 833 1253 910 qao
1278 814 1423 908 gratiori
1430 805 1632 908 ⁴responsioni»
1647 811 1733 884 lactas

83 913 134 1013 affe
150 910 248 1015 paffia
265 936 300 986 n.
318 931 377 996 23.
428 908 570 991 Elidardi
583 905 806 1004 Objeilianrm:
820 929 882 1009 per
894 907 1085 1004 inflexionem
1103 908 1148 980 aa
1159 911 1252 983 aliam
1276 925 1402 1008 partem
1424 933 1458 981 n.
1485 931 1569 1010 23.Δ
1620 907 1732 1008 Equi-

84 1013 171 1088 dem
192 1011 239 1098 de
261 1008 394 1086 redies
425 1004 626 1103 audiesque
647 1007 813 1110 cogitans
831 1007 902 1090 &c
986 1004 1120 1082 Cicero
1145 1005 1212 1086 scil.
1228 1027 1342 1110 auga
1366 1003 1616 1180 suspicionem,
1640 1033 1670 1086 r·
1689 1029 1744 1092 ut¹

84 1110 250 1198 ostendat
264 1109 440 1206 majorem
454 1129 579 1182 curam
594 1129 665 1204 pro
684 1109 756 1182 vita
776 1105 936 1184 Caesaris.
1010 1103 1108 1188 Deni
1137 1131 1182 1185 ue
1206 1109 1253 1184 ita
1277 1105 1410 1208 respon
1439 1127 1486 1203 er,
1501 1127 1636 1194 utnon
1657 1130 1732 1186 tam

82 1211 321 1316 suspicionem
337 1206 498 1304 Caesaris,
514 1230 624 1301 quam
640 1207 728 1282 alios
747 1205 842 1282 casus
857 1225 1013 1283 metuat:
1033 1133 1141 1304 quod
1167 1204 1361 1305 eumfacit,
1388 1203 1556 1304 ostendit,
1577 1207 1611 1282 se
1640 1209 1730 1286 solli·
1849 1272 1851 1280 .

83 1317 197 1388 citum
210 1334 282 1410 pro
297 1307 405 1388 salute
422 1301 583 1402 Caesaris,
599 1307 637 1382 dt
650 1305 878 1406 occasionem
894 1309 1089 1406 quaritur
1102 1329 1188 1384 eum
1205 1307 1427 1402 ,exhorretur
1444 1305 1489 1380 ad
1506 1328 1733 1408 componen-

84 1411 169 1488 dam
178 1409 276 1486 Rem
306 1407 472 1488 oblicam.
545 1407 772 1480 adhortatione
790 1404 886 1500 flaura
911 1409 1165 1502 Rasuratioaam:
1187 1433 1222 1484 n.
1250 1433 1307 1504 24
1380 1406 1506 1504 Itaque
1523 1403 1590 1482 Cai
1605 1406 1733 1485 Caesar.

83 1539 118 1588 ιι.
142 1524 201 1596 28.
224 1581 227 1588 ,
292 1533 345 1600 aec
364 1507 489 1609 igitur,
504 1507 571 1582 dte.
589 1533 623 1582 ιι.
642 1531 700 1602 3ο.
717 1503 948 1603 eircasinem,
965 1532 998 1582 n.
1017 1519 1075 1605 33.
1124 1507 1251 1608 Qtare
1267 1530 1397 1582 omnes
1409 1528 1449 1582 te
1465 1509 1539 1602 aqui
1554 1505 1633 1582 haec
1642 1506 1733 1584 salva

84 1609 167 1708 else,
187 1609 257 1688 &o
311 1607 506 1680 Transeundi
522 1607 566 1678 ad
578 1632 692 1678 mutam
705 1604 898 1678 membrum:
920 1627 979 1708 par
995 1615 1190 1680 alienitatem
1210 1616 1267 1692 rai,
1290 1602 1334 1681 Es
1349 1628 1410 1707 pat
1423 1565 1597 1706 sgntrntras
1617 1607 1732 1710 2129αὲ

87 1708 292 1796 ortonensis
308 1733 342 1782 n.
357 1728 380 1782 2
386 1731 415 1804 5.
431 1719 488 1784 26.
538 1705 636 1808 Quae
647 1705 807 1803 quide'm,
818 1729 935 1804 usque
950 1705 1084 1782 audivi.
1135 1703 1278 1784 Ceterae
1304 1706 1462 1806 periodi,
1484 1729 1566 1802 quae
1593 1729 1733 1784 antece·

88 1805 568 1912 dunt‚ornnesquas1viam
588 1803 864 1882 sternuncalteri
876 1809 971 1906 parti
983 1803 1236 1904 Refutationis,
1256 1831 1328 1904 qua
1343 1803 1420 1882 Cic.
1442 1801 1593 1882 Caesaris
1614 1805 1732 1903 quod·
1768 1897 1771 1904 ⁴

75 1913 171 1989 dam
185 1907 326 1988 diuum
341 1905 517 2000 confutat.
565 1905 754 2000 Coasatandi
766 1907 896 2002 alicujus
906 1905 1033 1978 dasium
1084 1911 1185 1978 Itane
1198 1907 1342 2001 offenda.
1393 1904 1518 2002 Iraque
1533 1927 1634 1982 tuam
1668 1929 1742 1984 rad

84 2007 313 2088 clarissimam
329 2005 412 2084 &st
441 2001 667 2092 ientilstmam
681 2025 815 2080 vocem
832 2006 966 2081 invitus
980 2003 1114 2082 audivi.
1188 2007 1317 2108 Qate
1339 2007 1470 2080 omitte
1495 2006 1564 2081 &c
1681 2008 1733 2084 oli

86 2111 215 2190 nostro
229 2109 393 2210 periodo
411 2032 549 2206 dpiens
566 2101 643 2180 elle.
692 2101 797 2206 Saepe
815 2106 918 2181 venit
932 2103 979 2184 ad
993 2127 1096 2180 aures
1122 2129 1223 2182 meas
1245 2106 1314 2181 &e
1363 2103 1598 2208 Respondeadi:
1640 2135 1676 2180 ar
1695 2111 1733 2180 ii-

7 2221 8 2234 ¹
85 2221 302 2286 mintionem:
324 2233 359 2282 ιι.
373 2213 431 2282 26.
479 2205 606 2302 Imque
622 2201 719 2281 illam
735 2225 847 2304 tuam,
869 2227 995 2303 usque,
1020 2205 1146 2306 patriae
1169 2228 1267 2283 certe
1287 2229 1423 2304 parum.
1451 2231 1485 2280 n
1507 2213 1566 2281 26.
1628 2206 1733 2308 redo,

86 2313 147 2390 sed
169 2334 249 2388 rum
264 2307 305 2384 id
319 2303 536 2404 audirem,s1
558 2301 700 2380 tibisoli
722 2306 876 2380 viveres
956 2303 1148 2403 Transeaadi
1166 2304 1204 2378 ab
1219 2327 1284 2378 arra
1297 2304 1433 2378 membro
1447 2309 1675 2402 &paratiora
1692 2307 1739 2380 ad

86 2415 196 2494 dard,-
235 2416 569 2506 arintmagarionem.
643 2402 750 2506 Qid
777 2401 804 2480 fi
830 2401 924 2479 illud
946 2427 993 2478 ne
1014 2404 1145 2506 gloriae
1161 2404 1312 2502 quidem
1328 2427 1399 2481 tuae
1417 2404 1497 2481 satis
1519 2401 1597 2478 est?
1621 2431 1658 2482 ιι.
1675 2419 1758 2509 26.,

87 2516 182 2590 circa
224 2517 319 2586 nem.
368 2505 474 2608 Qud
491 2502 647 2580 estenim
663 2507 819 2597 omnino
835 2505 912 2578 hoc
925 2501 1043 2604 ipsum
1063 2501 1153 2578 diu?
1179 2530 1213 2578 n.
1237 2529 1295 2597 29.
1369 2506 1555 2598 Rafataada',
1569 2527 1631 2607 per
1678 2536 1735 2582 aa·

80 2617 193 2715 sinnas
209 2607 253 2687 εἴ
265 2605 463 2714 responsiones
477 2605 593 2694 breves.
641 2602 823 2678 Parumne
838 2597 976 2777 igsitur?
1002 2603 1156 2700 inquies,
1169 2604 1427 2699 relinquemus,
1444 2629 1478 2676 n.
1494 2627 1553 2699 27.
1576 2627 1644 2704 per
1697 2606 1736 2679 b·
1810 2633 1813 2644 ·

86 2709 282 2816 jediones,
296 2736 330 2784 ιι.
346 2733 406 2799 27.
424 2729 493 2809 per
507 2701 777 2780 inficiationem.
891 2724 951 2777 ota
972 2699 1247 2776 Confutationis
1262 2704 1512 2801 primaparsn.
1534 2727 1593 2796 23.
1630 2707 1764 2776 -For-'

87 2817 179 2888 mala
193 2807 394 2884 camiaiandi
407 2813 607 2880 maroam:
625 2801 687 2902 scd
706 2803 787 2874 anie
805 2799 936 2902 esloifh,
954 2810 987 2872 a'n
1001 2800 1314 2872 eodem-terminetur
1334 2807 1490 2887 aratiam
1507 2825 1561 2894 34.
1612 2805 1739 2874 Caacia-
1873 2821 1878 2836 ·

55 2977 61 2996 ,
87 2915 184 2990 dandi
201 2918 391 2991 Oratiaaam,
406 2913 524 2979 nomia
540 2907 713 2977 maltorum
734 2899 881 2988 habitam,
899 2928 933 2976 ιι.
950 2924 1008 2998 34.
1058 2898 1130 2975 Sed
1145 2901 1313 2999 quianon
1327 2897 1378 2976 est
1386 2897 1605 2978 adstantibus
1621 2904 1739 2977 omni·

89 3017 160 3090 bus
176 3003 314 3088 necesse
334 3007 455 3082 dicere
474 3006 542 3081 &e
561 3001 685 3078 sentia.
736 2999 848 3101 Cufis
863 3003 983 3076 dicandi
995 3010 1027 3072 in
1034 2999 1099 3094 fiae
1112 3007 1271 3092 Orationis
1283 3003 1432 3102 allegare:
1448 3027 1492 3076 «n.
1509 3027 1566 3099 35.
1618 2999 1742 3105 Quid

88 3135 214 3191 autem
229 3108 378 3194 summae
394 3103 660 3180 benevolentiae
675 3099 726 3178 est
739 3103 807 3178 &c
859 3098 998 3178 raestare
1013 3096 1141 3176 debeo.
1206 3103 1410 3174 Conclodandi
1431 3107 1611 3176 Orationem
1624 3104 1743 3176 Eucha-

89 3215 248 3312 rilicam:
273 3208 419 3282 Famula
430 3213 616 3307 graiaran
633 3203 758 3276 adoria.
830 3129 965 3303 stoque,
982 3199 1028 3279 C.
1056 3201 1187 3300 Caesar,
1208 3199 1256 3276 ste
1276 3199 1342 3275 ribi
1365 3202 1498 3303 gratias
1521 3225 1607 3305 aga,
1625 3226 1742 3301 usque
1790 3272 1792 3278 .

89 3316 137 3393 ad
163 3311 287 3387 finem.
1045 3383 1046 3388 ,
1098 3382 1100 3392 Ι
1270 3349 1273 3358 .
1441 3350 1447 3359 .
1758 3356 1762 3364 .

198 3407 463 3490 Connexiones
479 3401 679 3482 Periodieae
697 3401 860 3482 minares
876 3400 1025 3498 majoris
1052 3423 1148 3501 pene
1171 3400 1353 3474 momenti
1374 3393 1466 3496 sunt',
1484 3423 1594 3497 quam
1615 3394 1744 3497 ceserae
1761 3430 1806 3502 14

93 3513 134 3593 dt
151 3533 251 3616 pene
270 3533 399 3586 omnes
420 3503 616 3584 consistunt
633 3505 671 3576 in
685 3499 882 3576 uariatione
902 3499 1168 3600 particularum,
1185 3520 1267 3594 quae
1283 3497 1467 3599 particula
1481 3499 1541 3574 vel
1562 3496 1642 3576 sunt
1665 3524 1744 3575 cau·

94 3617 199 3711 sales,
214 3611 275 3686 vel
287 3605 561 3700 conditionales,
576 3603 636 3678 vel
647 3601 958 3702 argumentativaa
980 3599 1040 3675 vel
1059 3599 1213 3694 illativae,
1230 3599 1350 3691 quales
1364 3601 1475 3698 praeci
1504 3605 1559 3674 ue'
1574 3601 1696 3675 locum
1706 3602 1744 3674 in

95 3713 284 3794 Oratione
296 3704 613 3808 Enthymemarica
637 3701 839 3796 habeamur
861 3697 1045 3800 particule
1060 3696 1199 3773 ordinis
1218 3695 1255 3771 δι
1269 3701 1448 3799 temporis
1533 3701 1746 3775 continuita-

95 3820 145 3894 tis
160 3815 201 3888 in
217 3807 476 3886 narratione&
498 3799 653 3878 historia
691 3803 707 3836 “
727 3799 863 3900 Earum
885 3797 1140 3899 particularum
1165 3798 1314 3899 variatio
1334 3797 1574 3873 vehementer
1596 3793 1747 3898 prodest
1765 3841 1808 3915 15

96 3915 147 3991 ad
161 3909 403 3988 variationem
449 3901 654 3980 eriodicam.
720 3899 812 4000 Qui¹
825 3921 918 4000 ergo
939 3897 1023 3973 tales
1044 3895 1233 3997 particulas
1253 3896 1313 3972 vel
1335 3897 1657 3998 aliissynonymis
1686 3895 1745 3972 vel

96 4011 274 4092 formulis
294 4005 393 4084 idem
434 4001 689 4119 gnificantibus
711 4006 849 4074 variare
872 3997 989 4094 novit,
1014 4019 1091 4072 non
1107 3996 1419 4072 contemnendum
1441 3995 1549 4072 habet
1572 3996 1748 4071 orationis

99 4107 373 4192 conneslendae
383 4101 590 4197 artificium,
604 4103 642 4176 in
663 4121 739 4196 quo
758 4095 851 4198 saepe
864 4093 1004 4171 solliciti
1016 4093 1109 4192 sunt,
1124 4098 1188 4193 qui
1202 4095 1400 4173 Orationes
1415 4093 1583 4170 scribunt.
1634 4093 1693 4170 De
1708 4091 1771 4170 iis=
1869 4179 1872 4184 ¹

100 4232 319 4314 quanquam
327 4206 402 4304 jam
418 4221 494 4304 cap.
511 4228 543 4294 a.
560 4202 632 4296 eoi,
651 4200 712 4274 hic
733 4219 851 4274 tamen
875 4219 915 4271 ea
936 4215 1103 4295 repetere
1123 4193 1234 4270 dudlu
1256 4191 1447 4270 Orationis
1473 4195 1652 4270 Tullianae
1679 4218 1751 4296 pro

102 4314 162 4392 M.
183 4307 368 4387 Marcello
383 4303 497 4380 volui.
548 4304 570 4346 ἤ
631 4293 851 4400 istinguendi
866 4294 927 4370 hic
947 4317 1097 4392 quoque
1110 4291 1191 4370 sunt
1206 4293 1444 4389 charasieres5
1466 4319 1550 4368 nam
1568 4295 1645 4369 aliae
1670 4307 1819 4382 con-16

103 4415 290 4495 nexiones
316 4405 484 4507 poeticae,
502 4401 579 4478 aliae
605 4399 778 4477 orationis
801 4391 1049 4492 contentiosae,
1067 4396 1144 4472 aliae
1166 4393 1481 4470 narrationum&
1505 4390 1696 4492 historicae,
1722 4394 1761 4472 in

166 4511 320 4590 Tomus
336 4503 363 4578 Ι.
878 4493 953 4572 Hh
978 4493 1042 4569 hh
1289 4531 1315 4565 .’
1552 4613 1561 4626 1
1632 4493 1765 4594 quibus
