3948 5234
11 1291 22 1334 l

136 1213 141 1230 ,
253 1121 299 1236 ’ῥα
312 1129 503 1208 reserenda
520 1127 566 1204 ad
583 1127 732 1203 titolum
741 1128 865 1197 malitia

951 141 963 196 l

97 236 156 355 ’,
258 283 329 366 592
474 244 476 252 '
819 196 986 362 tonate.
1013 252 1165 360 ttterar.
1212 205 1291 332 n.
1319 254 1385 332 ιιι.

140 423 145 533 j
209 437 348 538 ’,πάρα
363 454 506 508 tenemur
519 435 639 505 ert-osis
654 419 768 526 hujus}
785 415 870 504 ‘satis'
889 447 963 501 erat
978 421 1121 502 dixisse:
1143 423 1207 500 etst
1222 447 1349 500 errore
1363 423 1527 498 hu'mano
1542 442 1721 498 tenemur.
1775 421 1830 498 lta
1857 423 1904 500 N.
1962 413 1963 416 ‘

259 565 294 634 4.
323 540 461 606 Tantum
471 531 558 648 apud
577 557 627 602 me
643 537 736 629 grati
756 535 851 600 amnti
865 527 967 622 fidelis
988 529 1278 612 trenaro-vatus,-
1316 549 1400 600 cutn
1415 519 1606 598 sufficeret:
1638 543 1782 598 satanam
1813 521 1905 624 apud
1962 569 1963 584 .

259 659 320 711 me
335 657 458 736 gratus
483 653 622 707 animus
638 629 758 702 valuit.
833 627 952 702 IraN.
968 651 1025 717 24.
1077 629 1114 697 st
1127 625 1172 698 ad
1187 627 1335 698 huntanos
1358 622 1445 723 cafitr
1464 623 1595 726 accedo
1605 612 1735 723 sttlcrit
1748 621 1910 722 consentia,-

258 731 461 811 suffeciffet:
486 727 574 806 stad
591 728 771 802 humanos
785 725 881 803 casus
899 723 1044 801 accedat
1058 722 1177 800 scelus.
1253 725 1301 800 Et
1325 724 1410 800 tales
1434 743 1512 798 non
1532 723 1734 825 verborum
1760 741 1908 822 tantum,

258 831 438 918 sedetiam
456 827 710 913 sententiatum
732 827 770 904 &
794 824 1034 902 formularum
1052 823 1350 927 amplificationes
1373 819 1524 900 infinitae
1548 843 1761 922 occurrunt,
1780 825 1909 898 auoci·

258 933 326 1008 bus
348 933 415 1008 illis
434 926 690 1102 commtpribus
709 923 904 1028 assumpta.
979 924 1037 999 Sic
1051 926 1089 998 in
1109 927 1233 1026 pn'mo
1258 923 1431 1024 exemplo
1451 943 1532 997 vox
1554 924 1725 1022 Judtctum
1743 919 1798 998 est
1817 947 1909 999 com·
1962 939 1963 1002 ζ

258 1034 390 1130 munis,
406 1027 573 1108 reserend
612 1025 657 1101 ad
678 1027 823 1102 titulum
838 1031 1034 1199 Geganium,
1056 1021 1251 1126 potestatis.
1301 1019 1345 1098 In
1371 1021 1543 1120 exemplo
1566 1019 1727 1100 secundo
1752 1045 1835 1098 vox
1853 1028 1909 1096 cul-

905 1125 1032 1202 onitati
1046 1122 1233 1226 apposrtae.
1281 1123 1325 1198 In
1340 1125 1451 1199 tertio
1471 1123 1645 1224 exemplo
1666 1145 1744 1198 vox
1767 1133 1911 1196 menum
1962 1183 1963 1232 ,

260 1228 449 1309 reserenda
463 1227 509 1305 ad
534 1227 680 1304 titulum
699 1225 907 1329 generalem
927 1241 963 1296 co
984 1233 1112 1298 menas.
1163 1225 1206 1298 ln
1233 1243 1365 1324 quarto
1387 1245 1466 1300 vox
1486 1221 1637 1322 consensu
1657 1220 1853 1298 reserenda
1870 1221 1910 1298 ad
1962 1261 1963 1308 ι

259 1333 406 1408 titulum
423 1329 645 1434 ,generalem
679 1323 866 1427 praedicati
887 1251 1095 1426 Resdeslivi
1125 1326 1319 1410 Concordim
1356 1323 1396 1400 ὅ(
1427 1322 1510 1401 talia
1534 1320 1674 1398 infinita
1703 1343 1909 1402 occurrunt.
1962 1337 1963 1420 ζ

201 1435 247 1524 tlt
258 1437 283 1482 «ἥ
304 1431 499 1508 Sent'entiae
517 1430 671 1528 integrae
688 1423 820 1501 eodem
834 1423 951 1500 modo
965 1449 1033 1540 per
1051 1447 1269 1502 communes
1282 1441 1394 1500 voces
1409 1421 1541 1499 variari
1559 1419 1731 1522 poliunt3'
1751 1447 1838 1522 quat
1848 1445 1909 1498 vo
1962 1429 1963 1478 ἱ

262 1556 320 1610 ces
335 1528 430 1632 etsie
454 1529 618 1606 terminis
633 1527 700 1601 illis
714 1522 981 1628 generaliffimis
996 1523 1152 1600 inveniri
1169 1522 1270 1598 facile
1285 1520 1446 1640 poliunt,
1461 1522 1757 1624 &applicatione
1772 1521 1820 1598 ad
1835 1524 1911 1599 illos
1962 1491 1963 1556 l

59 1673 63 1689 ·
169 1693 177 1700 .
261 1635 452 1728 terminos,
468 1649 671 1724 eorumque
685 1625 863 1700 contraria
886 1647 933 1701 eo
947 1625 1062 1741 magis
1081 1648 1139 1698 am
1168 1611 1256 1723 llari,
1272 1647 1458 1740 praecipue
1477 1645 1600 1699 tamen
1613 1621 1826 1700 referuntur
1855 1623 1911 1699 vel
1962 1639 1963 1704 l

230 1733 308 1809 ad
321 1721 422 1808 astus
438 1723 726 1824 'intellectuare
742 1723 788 1799 ad
803 1742 925 1800 motus
946 1747 1067 1800 animi.
1139 1649 1368 1799 drovemunt
1390 1743 1512 1822 itaque
1541 1719 1754 1799 asacultate
1786 1723 1910 1799 intelli·
1962 1715 1963 1794 l

110 1847 113 1856 ’
138 1875 143 1884 ·
261 1853 373 2016 gente
388 1851 468 1906 tum
482 1822 663 1924 formulae,
678 1847 758 1904 tum
773 1823 916 1928 figurae,
931 1847 1015 1922 quae
1031 1847 1111 1899 eam
1127 1823 1177 1898 ob
1191 1821 1327 1900 causam
1342 1820 1473 1939 ligurae
1490 1821 1747 1898 sententiarum
1768 1824 1831 1898 vel
1853 1827 1910 1912 rite
1962 1817 1963 1840 ¹

280 1933 404 2010 mutiet
422 1927 602 2025 dicuntur,
616 1925 710 2000 vela
729 1945 837 1999 motu
849 1925 971 2022 animi,
987 1923 1026 1999 ἃ
1048 1923 1175 2000 itidem
1197 1923 1284 1998 hinc
1305 1945 1472 1999 oriuntur
1501 1921 1668 1998 formulae
1690 1923 1751 1998 vel
1772 1920 1912 2030 figura,

292 2057 348 2107 ute
368 2027 498 2132 figurat
521 2023 717 2102 affeeluum
735 2021 914 2100 dicuntur.
988 2023 1019 2098 F
1022 2023 1174 2098 ormulae
1196 2023 1235 2097 in
1257 2023 1319 2098 illo
1342 2021 1549 2120 consistunt,
1571 2021 1677 2120 quod
1701 2021 1837 2122 dicam,
1869 2049 1914 2096 me
1962 2089 1963 2114 ,

254 2062 350 2235 scire,
365 2127 542 2228 inreligata,
565 2133 686 2225 opinari
699 2123 778 2212 dte.
817 2123 964 2224 Figurae
978 2121 1064 2198 tales
1079 2120 1176 2220 sunt,
1188 2147 1271 2222 quae
1287 2115 1521 2198 scientiam&
1542 2117 1754 2214 sententiam
1787 2119 1913 2226 perse

259 2235 441 2339 gignunt3
465 2249 550 2302 nam
572 2245 703 2300 omnes
722 2222 791 2298 illae
808 2219 939 2323 figurae
957 2217 1210 2296 sententiarum
1234 2221 1369 2296 docent
1392 2209 1528 2320 aliquid
1549 2218 1750 2298 dillinslios
1773 2221 1913 2300 audito

261 2356 321 2409 res
346 2329 393 2405 de
419 2348 469 2423 te,
490 2347 600 2424 quam
624 2322 891 2424 proponimus3
914 2335 955 2396 u't
975 2317 1094 2424 figura
1122 2317 1383 2396 distributionis
1408 2321 1657 2398 enumerando
1686 2323 1747 2396 vel
1767 2322 1914 2424 species,

187 2495 191 2508 .
263 2432 324 2506 vel
346 2447 481 2530 partes,
507 2425 624 2526 magis
645 2417 839 2498 dilucidam
861 2417 945 2496 facit
968 2421 1187 2518 orationem,
1207 2419 1530 2524 intelligentiorem
1554 2418 1675 2498 reddit
1697 2419 1912 2498 auditorem.

200 2537 243 2614 15
262 2535 284 2583 *
308 2527 352 2606 ln
366 2524 533 2602 formulis
545 2521 586 2598 δ(
600 2519 729 2624 figuris
741 2541 914 2596 motuum
931 2517 1079 2596 sollicite
1101 2515 1371 2622 distinguuntur
1386 2517 1603 2596 formulae&
1617 2519 1748 2692 {gntae
1766 2522 1813 2597 ab
1820 2521 1913 2598 Her·
1962 2533 1963 2598 l

262 2651 446 2731 megene,
468 2625 619 2724 ejusque
639 2617 910 2726 diligentissimo
938 2617 1244 2698 Commentatore
1263 2623 1408 2692 Stutmio
1429 2619 1480 2694 lib.
1512 2645 1533 2694 t.
1557 2621 1597 2693 de
1651 2619 1775 2722 moerfit
1794 2631 1914 2696 ratione
1962 2629 1963 2654 ¹

261 2733 450 2806 Elocutionit
464 2724 676 2798 Rhetoricae.
691 2747 746 2812 24
819 2719 920 2795 Nam
946 2743 1031 2810 cum
1054 2742 1181 2796 orator
1203 2718 1316 2795 verba
1341 2742 1513 2796 motuum
1539 2722 1741 2821 praemittit
1765 2743 1808 2800 ut
1831 2745 1913 2800 cum

159 2915 164 2920 ,
204 2853 209 2864 “
266 2829 366 2927 dicit,
369 2825 408 2928 se
432 2833 555 2909 mitari,
581 2831 742 2906 eterrm',
763 2817 943 2896 remiffiot·
955 2819 1014 2894 ille
1034 2841 1160 2896 motus
1182 2815 1245 2918 eli,
1261 2819 1299 2896 ἃ
1316 2822 1381 2895 vix
1403 2845 1541 2896 nomen
1572 2817 1703 2922 figurae
1744 2843 1914 2898 meretur.

262 2925 362 3006 Cum
375 2947 500 3001 autem
560 2920 661 2996 etrus
678 2917 762 3022 ipsis
775 2919 897 2994 verbis
922 2920 1153 3021 exprimitur,
1172 2919 1316 3010 &nihil
1338 2921 1584 3020 premittitur,
1611 2941 1692 2996 tum
1712 2943 1803 2997 vera
1823 2919 1912 3096 figli-

261 3051 301 3104 ta
315 3023 384 3100 est:
403 3024 547 3098 animus
562 3019 661 3092 enim
675 3017 750 3119 ipse
764 3015 886 3092 ideam
900 3017 1007 3117 hujus
1033 3017 1182 3094 affeslus
1206 3020 1327 3096 verbis
1351 3021 1540 3120 imprimit.
1613 3019 1665 3096 Ita
1685 3021 1724 3096 in
1743 3020 1853 3098 Exor
1879 3023 1911 3096 'o

264 3122 455 3202 Orationis
468 3141 543 3220 pto
554 3115 703 3194 Milone
713 3113 850 3192 Cicero
863 3113 963 3216 dicit,
979 3116 1013 3193 se
1028 3121 1175 3215 terreti;
1198 3117 1303 3216 quod
1316 3119 1461 3196 mollius
1476 3121 1521 3196 &1
1531 3117 1706 3197 temilstus
1721 3119 1773 3196 eli
1804 3145 1915 3235 quam

263 3221 489 3301 sacertotem
504 3219 622 3316 vultu,
644 3213 761 3322 gestu,
780 3215 1088 3318 trepidatione&
1114 3221 1279 3302 oratione
1304 3216 1377 3321 ipsa
1398 3223 1589 3321 exprimat.
1703 3247 1752 3298 uo
1801 3225 1912 3296 trita

294 3345 338 3400 ue
353 3319 466 3397 verba
480 3318 559 3395 talia
572 3340 742 3394 motuum
757 3318 795 3391 in
809 3313 990 3393 sententiis
1006 3320 1285 3418 pramittantur,
1299 3324 1532 3432 πλαγιασμδσ
1552 3317 1614 3418 est,
1631 3319 1670 3396 dt
1691 3347 1715 3396 o
1743 3323 1911 3419 liquatio:
1962 3393 1963 3424 ,

263 3349 292 3500 st
319 3421 469 3525 'ntegtis
497 3417 659 3520 periodis
680 3418 861 3531 prologus
881 3418 1123 3516 contineatur,
1142 3417 1278 3517 aliquid
1310 3417 1440 3520 figurae
1464 3420 1496 3496 sa
1525 3423 1565 3519 it,
1586 3417 1652 3494 etst
1676 3435 1756 3496 non'
1777 3418 1825 3496 lit
1845 3417 1913 3522 ipsa
1962 3445 1963 3496 l

106 3547 109 3554 ’
201 3533 247 3602 16
263 3521 390 3626 figura.
464 3519 485 3562 ⁴*
505 3517 681 3593 Similiter
696 3515 823 3591 accidit
846 3541 884 3590 tn
898 3514 1186 3618 expressionibus
1199 3517 1344 3594 astuum
1360 3519 1480 3594 intelle
1519 3545 1572 3618 trs,
1590 3543 1673 3616 quae
1689 3523 1811 3596 varios
1835 3519 1912 3596 suos
1962 3555 1963 3566 ¹

188 3671 196 3680 -
264 3619 399 3727 gradus
414 3615 534 3692 habet.
605 3617 711 3691 Nam
734 3639 820 3690 cum
838 3613 923 3691 dico
957 3641 1006 3688 me
1022 3619 1145 3720 aliquid
1157 3619 1251 3717 scire,
1273 3627 1401 3720 opinari,
1421 3621 1575 3793 ffir‘mare,
1604 3625 1719 3692 mirari
1740 3615 1784 3696 δ’
1784 3642 1811 3692 t.
1840 3643 1912 3694 non

265 3743 341 3808 tam
359 3715 517 3820 figuram
537 3713 628 3790 illud
656 3714 751 3813 facit,
786 3715 897 3814 quatit
914 3676 1120 3791 sormulam.
1169 3718 1207 3794 Si
1229 3741 1322 3793 vero
1351 3715 1419 3793 affe
1470 3739 1522 3794 tm
1541 3718 1643 3794 illurn
1663 3717 1912 3796 admirationis

249 3820 472 3920 exprimam
489 3813 568 3916 ipso
588 3809 699 3911 sensu,
713 3819 818 3917 Papa!
835 3836 959 3930 qttttnta
974 3825 1141 3890 enormitas
1152 3817 1204 3931 tsi,
1219 3837 1373 3919 quantum
1383 3819 1582 3920 prodigium!
1606 3816 1686 3920 Ipsa
1710 3815 1834 3993 ignora
1857 3815 1912 3894 ad·

1721 3943 1732 3992 ι

202 3943 248 4020 17
265 3918 466 3996 mirationis
479 3911 542 3989 sub
556 3915 695 3993 ratione
711 3913 980 3990 exclamationis
998 3937 1231 4016 proponitur.
1293 3921 1315 3968 '⁶
1339 3917 1411 3994 His
1429 3917 1552 3994 verbis
1571 3918 1718 4022 general

266 4019 477 4121 exprimunt
493 4013 552 4088 vel
563 4009 800 4127 intellestum,
818 4014 879 4087 vel
893 4009 1073 4112 effessum,
1088 4016 1148 4090 vel
1171 4015 1319 4114 aliquid,
1342 4015 1446 4115 quod
1470 4017 1532 4093 illo
1552 4017 1725 4118 pertinet,
1737 4015 1910 4117 frequen·

264 4141 321 4194 ter
334 4115 448 4192 uritur
465 4111 607 4189 Orator
620 4109 667 4186 ad
686 4135 747 4186 am
775 4109 976 4188 lrficandam
995 4113 1277 4190 &dilatandam
1296 4115 1529 4214 Orationem,
1548 4139 1634 4215 quae
1657 4116 1819 4218 proinde
1839 4117 1911 4190 dili·
1962 4149 1963 4198 t

266 4237 398 4320 genter
423 4213 542 4288 notati
567 4209 716 4308 debent,
794 4208 844 4286 ad
863 4215 1041 4306 terminos
1062 4209 1142 4289 suos
1164 4213 1349 4318 generales
1373 4213 1512 4312 reduci,
1533 4238 1631 4314 quos
1652 4216 1832 4292 terminos
1856 4216 1912 4289 hic
1962 4223 1963 4308 l

265 4311 448 4429 quastpet
462 4309 619 4387 indicem
629 4305 810 4408 dabimus,
824 4329 865 4384 ut
879 4311 982 4387 velut
995 4311 1244 4413 Alphabetum
1260 4311 1447 4412 quoddam
1461 4309 1542 4413 sint,
1557 4337 1636 4413 quo
1656 4335 1834 4414 tanquam
1848 4315 1910 4390 ele·

1758 3943 1814 4019 us,
1832 3937 1911 4020 quat

98 4521 108 4533 .
224 4507 229 4514 ι
258 4435 395 4492 mentis
410 4409 627 4512 quibusdam
645 4407 815 4486 dilatetur
833 4406 982 4511 Oratio,
995 4409 1233 4506 hissormulis
1247 4409 1437 4511 adjetttttis
1452 4412 1589 4516 ubique
1601 4397 1755 4492 suffitia

1787 4611 1912 4691 Gene
