3970 5236
376 301 483 408 ‘Cap
500 297 602 408 (²111.
630 301 685 384 De
699 301 816 380 sniis
829 287 1039 382 inbrium
1047 303 1210 408 paratam
1226 305 1446 410 compendiis.
1613 323 1620 344 ‘
1668 340 1748 431 '4¹⁷

86 474 129 550 ad
150 471 333 549 decimum
348 474 519 571 quartum
537 469 743 572 Dialesiica,
756 471 967 574 Rhetorica,
987 473 1145 572 Politice,
1160 445 1316 576 Pissura,
1341 471 1522 560 exercitiis
1543 481 1689 562 musteis
1708 485 1747 564 δι
1839 495 1844 506 ’

87 576 254 676 corporis
269 571 461 650 informari
474 576 565 672 vult,
581 595 670 650 meo
686 573 836 673 quidem
870 573 1004 651 'udicio
1031 577 1225 652 immature
1255 575 1392 652 nimis'
1447 579 1544 660 Non
1566 589 1664 674 enirn
1687 585 1745 663 illa

88 699 173 752 aetas
189 671 404 752 Dialestic‘es
420 673 459 752 &
473 675 689 778 eretorices
704 698 816 776 capax
832 599 892 750 es.
915 715 916 722 κ
945 673 1034 752 Post
1044 697 1183 752 annum
1206 674 1390 753 decimum
1412 701 1585 778 quartum
1601 685 1646 762 ad
1671 711 1747 764 ma·
1783 765 1786 772 ,

87 777 276 867 thematies
291 772 403 850 studia
417 775 579 851 nobilem
596 773 699 850 suurn
713 774 868 880 ablegat,
887 800 1049 876 quotum
1071 772 1132 851 vel
1157 793 1240 852 ante
1260 775 1497 856 Rhetoricam
1514 783 1553 862 ἃ
1576 786 1745 866 Dialesii·

90 903 167 954 cam
184 877 325 980 puerile
344 877 535 980 ingenium
554 899 593 950 ca
622 897 667 950 ax
687 871 755 950 eise
768 871 897 974 potest.
949 875 1050 953 Hinc
1064 875 1251 953 illi-totum
1272 874 1374 951 illum
1391 875 1540 974 Ethices
1562 887 1601 963 bt
1622 885 1746 966 Politi-
1787 969 1793 976 ,

88 1002 143 1053 ces
158 999 330 1080 campum
343 977 468 1077 aperit.
527 979 543 1014 “
607 982 711 1050 etum
738 976 776 1050 in
798 977 846 1054 iis¹
865 973 912 1049 ad
938 978 1083 1079 ingenia
1106 973 1373 1078 respiciendum
1394 973 1466 1052 esi:
1492 1003 1613 1080 neque
1633 989 1743 1088 eninr,
1759 995 1810 1090 46
1890 1061 1893 1070 ,

87 1100 126 1152 ut
140 1101 218 1152 non
234 1075 357 1151 omnis
375 1074 448 1150 fert
462 1075 586 1152 omniu
603 1075 722 1174 tellus,
736 1077 784 1150 ita
804 1073 997 1174 quodlibet
1017 1077 1220 1192 ingenium,
1247 1097 1319 1174 qua
1339 1077 1422 1175 quis
1443 1081 1604 1176 requirat
1628 1107 1743 1187 aetate,

88 1177 142 1254 his
154 1177 215 1250 vel
230 1177 299 1252 illis
314 1172 438 1251 studiis
451 1195 579 1277 aptum
596 1169 654 1248 est.
705 1179 725 1220 *
737 1172 919 1251 -Cotrserri
937 1199 1023 1278 curn
1042 1173 1100 1252 hrs
1126 1175 1443 1252 Piccolominianis
1467 1175 1634 1283 possunt,
1662 1213 1745 1286 quae
1759 1214 1810 1286 47

89 1281 293 1350 Bhenerrius
312 1277 350 1350 in
367 1273 462 1350 libro
479 1273 528 1349 de
546 1273 697 1350 Nobilis
712 1273 985 1374 informatione,
1024 1279 1051 1347 Ρ
1090 1283 1173 1348 rrius
1209 1277 1249 1351 in
1297 1273 1430 1352 alaestra
1457 1273 1665 1384 Nobilium,
1707 1287 1746 1364 ὅ(

90 1379 262 1472 Schefferus
275 1376 312 1450 in
325 1373 449 1450 libello
464 1373 511 1449 de
523 1371 788 1450 informatione
804 1375 967 1472 Nobilis,
984 1397 1055 1451 con
1071 1375 1130 1452 rlia
1143 1299 1437 1549 suppositarum
1468 1374 1515 1451 de
1539 1379 1671 1476 quihus
1696 1415 1746 1460 ca·
1811 1439 1812 1444 ,

88 1487 146 1582 pite
160 1478 200 1548 de
213 1477 394 1578 Padagogia
406 1483 494 1575 regia
512 1472 678 1576 pluribus
695 1497 855 1576 agemus.
881 1475 902 1519 i
917 1471 1030 1551 Ducis
1046 1473 1131 1549 belli
1149 1471 1202 1550 stu
1231 1476 1265 1550 ia
1284 1474 1351 1553 alia
1372 1479 1512 1553 ratione
1524 1475 1661 1559 debent
1674 1487 1742 1563 else
1759 1499 1808 1584 48
1875 1521 1879 1538 ·

91 1601 169 1652 com
200 1597 305 1674 arata
356 1575 399 1650 ln
423 1573 481 1651 his
501 1571 678 1650 utilissima
694 1571 838 1648 consilia
852 1571 1093 1650 subministrat
1106 1571 1235 1648 Gabn'cl
1248 1575 1411 1674 Naudeus,
1430 1577 1531 1676 cujus
1544 1599 1642 1656 extat
1667 1607 1745 1662 eru.
1869 1597 1874 1606 ·

91 1601 300 1752 ditilssmum
316 1673 430 1776 Synta
499 1699 519 1750 a
535 1672 582 1748 de
588 1673 691 1772 liudo
710 1675 852 1758 sultare,
867 1671 999 1750 Romae
1016 1676 1054 1750 in
1074 1695 1141 1774 4to
1154 1674 1226 1750 An.
1243 1685 1339 1789 1637.
1358 1675 1509 1777 editum,
1530 1677 1569 1754 δι
1583 1678 1747 1761 illustris·
1837 1746 1842 1760 .

93 1774 176 1852 fimo
204 1775 340 1872 Juveni
361 1774 418 1850 Lu
445 1776 556 1851 ovico
580 1795 627 1849 ex
654 1769 866 1850 Comitibus
892 1773 1042 1851 Guidiis
1069 1798 1090 1851 a
1117 1773 1254 1852 Balnea
1287 1772 1511 1892 inscriptum.
1592 1779 1767 1882 Nullam

93 1875 314 1952 scientiarum
329 1895 484 1976 partem,
504 1897 588 1973 quae
606 1871 757 1974 quidem
775 1870 942 1974 prodesse
957 1872 1054 1950 Duci
1066 1875 1214 1950 militati
1258 1895 1386 1976 oterat,
1401 1875 1573 1954 rotasiam
1587 1880 1626 1954 in
1645 1907 1746 1959 aecu-
1836 1947 1839 1954 r

94 1973 260 2052 tatilsrmo
280 1973 413 2078 Opere
437 1976 594 2074 reliquit3
614 1973 871 2078 pulcherrimis
922 1995 1070 2050 raeterea
1091 1971 1130 2070 di
1178 1997 1198 2050 e
1225 1973 1373 2052 ronibus
1394 1983 1749 2059 commentationem

14 2109 15 2112 ι
94 2075 175 2152 hanc
194 2099 343 2154 ornans.
394 2081 416 2124 ⁴*
429 2074 508 2154 Dir‘
540 2097 652 2152 utimr
665 2074 772 2152 etiam
791 2071 874 2148 adu
890 2097 953 2148 um
976 2071 1110 2150 Ecclesr
1166 2076 1261 2150 'cum
1286 2097 1327 2150 rc
1345 2077 1609 2156 Academicum
1624 2079 1747 2160 studia
1761 2100 1810 2179 49

95 2174 168 2254 lnfi
252 2178 295 2252 lis
311 2179 403 2268 tatio
417 2199 511 2280 pecu
526 2175 606 2250 ratis
623 2169 789 2252 habenda
806 2170 877 2248 esti
901 2172 1141 2276 praeferendae
1156 2177 1256 2253 enim
1272 2175 1333 2252 hic
1347 2177 1543 2280 disciplinae
1567 2177 1653 2257 huic
1672 2181 1748 2260 seo·

14 2285 16 2344 ί
94 2278 169 2376 poi
215 2278 397 2356 ervientes
418 2279 556 2354 ceteris.
607 2275 650 2350 ln
672 2271 818 2350 seminis
863 2297 989 2372 uoque
1014 2277 1117 2353 aliam
1138 2271 1343 2352 studiorum
1365 2281 1546 2356 rationem
1572 2281 1748 2380 quaesive·
1822 2313 1828 2330 *

14 2395 16 2520 j
95 2379 168 2480 tito,
182 2402 300 2480 quam
315 2363 675 2480 invitis,s1sorte&
696 2373 766 2450 illae
781 2299 906 2452 lusus
918 2376 1083 2452 auianum
1100 2375 1269 2462 excolere
1284 2379 1429 2458 vellent.
1501 2395 1504 2404 ’

227 2575 272 2657 ln
295 2579 400 2660 omni
421 2603 542 2660 tamen
565 2575 772 2656 studiorum
795 2597 933 2681 genere
957 2573 1130 2654 velocitas
1147 2575 1186 2654 δι
1204 2577 1316 2654 nimia
1330 2571 1508 2655 festinatio
1523 2579 1668 2660 vitanda
1684 2581 1747 2683 est,
1766 2607 1814 2680 50

15 2697 16 2774 Γ
97 2679 266 2783 quicquid
283 2684 394 2760 etiam
408 2667 626 2783 quibusdam
639 2679 804 2754 volaticis
820 2677 977 2778 ingeniis
995 2677 1171 2762 videatur.
1247 2675 1368 2754 Canes
1389 2673 1613 2778 festinantes,
1642 2701 1684 2754 ut
1709 2683 1748 2758 in
1852 2677 1856 2687 “

15 2775 20 2900 l
97 2787 205 2860 veteri
219 2783 336 2860 verbo
352 2782 413 2886 eli,
430 2805 553 2874 coecos
569 2781 716 2882 pariunt
729 2777 880 2874 catulos,
899 2775 1063 2872 nihilque
1080 2775 1183 2850 solidi
1200 2775 1239 2850 in
1253 2774 1406 2852 scientiis
1422 2771 1507 2849 disci
1524 2775 1658 2879 potest,
1684 2778 1750 2856 ubi

16 2923 17 2934 a
98 2887 214 2959 omnia
224 2879 463 2988 superficiaria
477 2903 591 2984 opera
606 2874 814 2956 trasianrur.
864 2871 946 2948 Nili
975 2873 1073 2950 forte
1093 2876 1173 2974 quis
1198 2872 1245 2949 ad
1268 2897 1447 2976 pompam
1467 2879 1522 2952 uti
1544 2875 1749 2954 shrdiorunt
1778 2961 1781 2974 ,

100 2983 326 3080 quorundam
360 2983 556 3062 fimulacris
580 2980 692 3076 malit,
716 2997 758 3052 ut
783 2973 899 3052 solent
946 2972 1069 3049 uidam
1083 2997 1219 3078 genere
1237 2975 1391 3074 nobiles,
1417 2975 1481 3074 qui
1493 2976 1539 3051 ad
1556 2975 1694 3053 summa
1709 2979 1748 3056 itt
1859 3043 1864 3054 .

99 3081 292 3186 Republica
309 3087 431 3160 munia
449 3077 612 3188 gerenda
628 3075 800 3155 nonsatis
820 3075 909 3176 apti,
949 3075 1017 3184 olis
1043 3075 1234 3152 titulorum
1260 3075 1419 3178 phaleris
1442 3073 1747 3154 existimationem

668 3182 690 3218 4
1439 3217 1444 3226 .
1722 3179 1748 3235 ’.

100 3181 608 3381 lll‘lsllsslilslllt
624 3173 894 3380 pras‘ebihdi
910 3171 1748 3378 {lasesllrsslslrssl‘lsshhe,llll
1766 3199 1821 3362 ⁵¹.

102 3383 183 3459 inter
197 3405 339 3460 ceteras
353 3385 429 3484 ejus
451 3407 547 3458 nona
569 3377 634 3478 est,
658 3377 721 3453 ubi
746 3373 860 3452 Cralli
889 3373 1028 3449 diuum
1046 3374 1106 3448 lib.
1119 3397 1149 3462 3.
1174 3373 1220 3447 de
1238 3372 1422 3450 Oratore:
1477 3377 1540 3472 Niss
1558 3378 1646 3478 quod
1663 3385 1749 3482 quis·

101 3509 151 3584 que
164 3494 228 3556 cito
267 3494 403 3569 uticem,
428 3505 587 3584 utinquam
612 3487 733 3550 anserino
762 3473 844 3578 poffe
874 3472 1062 3576 perdiscere,
1089 3469 1303 3548 solidissimis
1344 3476 1567 3574 optimisque
1605 3478 1749 3556 rationi·
1798 3551 1816 3587 ο

101 3581 160 3660 hus
178 3609 218 3659 re
237 3606 325 3660 urat.
376 3583 543 3661 Omnem
557 3603 649 3684 ergo
663 3578 723 3654 ille
736 3576 996 3678 praecipitatam
1012 3569 1170 3648 discendi
1185 3574 1363 3648 tationem
1386 3669 1391 3674 Ι
1409 3594 1450 3647 ut
1467 3571 1670 3650 studiorum
1686 3601 1749 3678 pe·

103 3679 194 3784 slent,
214 3685 432 3762 abonorum
448 3683 627 3757 mentium
643 3673 797 3754 officinis
811 3675 979 3749 eliminat.
1028 3672 1187 3749 Stultum
1203 3673 1300 3747 enim
1322 3632 1391 3747 else
1408 3671 1577 3774 ostendit,
1599 3699 1683 3752 cum
1710 3678 1750 3756 in

103 3786 266 3957 f⁰i⁰f³⁸
288 3783 556 3958 misti-³⁰³¹&
586 3789 664 3854 ¹³⁰⁰
691 3771 1749 3952 ”sall‘lslzzhfflllllhmlllrslrlhlell

103 3907 336 4088 pupppgffi
354 3907 499 4060 hehelilss
511 3899 733 4076 oihnsaqeihi
757 3993 872 4052 totam
896 3897 1020 4086 ¹visam
1032 3972 1167 4145 optimi
1184 3929 1335 4072 quoque
1355 3969 1540 4088 Oratores·
1561 3971 1751 4087 impende·

103 4106 192 4161 runt.
286 4088 309 4127 a
331 4083 465 4157 Saralius
482 4079 610 4158 itidem
623 4075 815 4152 inscientia
828 4072 889 4148 sua
904 4073 1050 4148 Unrver
1063 4069 1109 4144 alt
1127 4095 1223 4146 circa
1244 4067 1358 4148 finem
1374 4067 1544 4174 singulari
1566 4092 1682 4174 eapite
1700 4070 1750 4148 de
1765 4099 1813 4178 ῃ

103 4185 282 4289 niagna&
301 4181 464 4287 persedit
476 4176 659 4258 methodo
674 4171 1026 4278 agit;.ubiomnern
1049 4171 1146 4246 illam
1168 4169 1327 4250 docendi
1351 4173 1542 4270 rationem,
1579 4194 1662 4270 quae
1676 4173 1750 4248 exi·

153 4307 365 4388 otempore
377 4279 431 4380 fit,
448 4281 608 4378 darnnat,
634 4294 893 4370 enumeratque
909 4272 1009 4346 varia
1022 4271 1189 4372 exempla
1203 4269 1281 4348 talis
1296 4267 1548 4372 institutionis,
1571 4295 1654 4370 quae
1677 4295 1751 4348 ma·

104 4305 335 4462 seucesserunt.
376 4379 534 4461 ¹Aesane
547 4375 718 4458 rarissime
730 4373 823 4449 adeo
839 4369 1004 4448 felicibus
1020 4367 1089 4446 eise
1104 4371 1260 4474 ingeniis
1272 4370 1368 4470 licet,
1390 4389 1432 4445 ut
1449 4371 1585 4474 exiguo
1605 4391 1752 4474 tempo·

101 4505 153 4582 te,
168 4510 211 4561 ac
230 4485 349 4589 prima
369 4483 484 4562 statim
508 4500 631 4579 aetate,
657 4476 771 4552 multa
791 4493 996 4577 magnaque
1018 4469 1342 4572 comprehendant.
1392 4469 1457 4575 *r
1457 4493 1544 4547 uere
1565 4470 1753 4586 interdum
1768 4489 1812 4564 53

108 4579 274 4761 ungulari
296 4585 461 4764 qpodatn
484 4581 560 4662 fato
583 4579 631 4659 aa
652 4600 711 4656 res
725 4595 876 4682 magnis
897 4567 1074 4750 deligati,
1100 4569 1165 4672 qui
1181 4591 1321 4658 manare
1341 4567 1562 4650 amnmbllb
1577 4570 1617 4649 in
1639 4569 1753 4750 ligne

189 4709 295 4769 onus
558 4763 560 4769 Α
1017 4693 1082 4779 88
1690 4693 1756 4778 P‘·
