3970 5236
53 324 57 332 .
176 255 296 381 „433
395 287 397 295 s
610 241 685 386 ῥ’.
818 266 983 376 raptast.
1016 269 1131 384 aaa.
1165 273 1238 352 aa.
1256 265 1319 355 rt*
1415 219 1417 223 ⁸

328 467 389 522 20.
412 445 608 540 Ertcmarm
634 439 706 515 Res
723 459 804 516 tuus
817 437 911 514 bene
923 461 963 516 ut
982 439 1118 542 cure'm,
1136 467 1255 546 rogas.
1306 443 1432 546 Qum
1448 441 1522 518 hoc
1537 467 1668 546 rogare
1681 447 1880 528 ridiculum
1976 493 1977 520 t

225 545 285 624 est.
334 545 541 621 Hominem
555 541 607 628 tui
626 537 903 630 amantissimum
916 537 1288 646 studiostffimumque,
1302 547 1366 642 qui
1381 549 1451 642 qua
1467 542 1584 644 polles
1600 549 1805 647 autoritate,
1814 551 1880 626 im-
1946 602 1950 608 -
1976 539 1977 550 ¹

187 661 194 675 “
225 669 354 762 perure
373 655 493 745 potes,
511 664 586 738 quo
601 639 729 742 flagras
744 663 882 738 amore,
899 637 1019 716 debes.
1097 641 1200 741 Jub'e,
1220 644 1371 744 impera,
1388 663 1471 718 tuus
1493 641 1589 742 sum,
1610 638 1796 748 ‘mancupii
1811 649 1880 726 tibi
1976 655 1977 724 ἰ

223 753 304 846 Ju're
318 739 532 842 acquisitus;
558 763 764 838 quanquam
777 739 816 818 de
831 759 903 814 tuae
918 739 1009 814 mihi
1026 765 1164 842 preces,
1200 739 1512 842 quemadmodum
1531 765 1757 848 magnatum,
1795 745 1881 825 sun't
1976 791 1977 809 t

152 922 155 932 ἶ
226 846 388 946 imperia.
438 841 554 918 Nunc
568 865 652 914 cum
666 863 726 913 me
740 863 861 942 rogas,
881 861 1089 916 currentem
1109 843 1233 918 incitas
1240 867 1252 936 3
1272 842 1412 940 qui,tui
1424 865 1466 917 ur
1480 845 1676 920 maximam
1689 839 1880 924 habeore-
1976 941 1977 944 p

116 1017 119 1022 .
226 945 440 1040 verentium,
455 942 502 1017 ita
518 940 697 1039 majorem
713 963 838 1032 rerum
857 961 1001 1014 tuarum
1011 961 1137 1045 eptam
1152 965 1259 1044 geru,
1274 966 1385 1038 quam
1398 965 1586 1024 mearum·

323 1094 382 1150 21.
408 1073 609 1140 Mentor-aria.
634 1067 846 1144 Memorem
858 1072 1137 1166 mones,.amice.
1188 1069 1238 1144 Et
1250 1059 1349 1148 nunc
1363 1070 1506 1146 hoerent
1517 1069 1610 1144 mihi
1623 1071 1661 1146 in
1679 1051 1806 1149 anino
1814 1093 1880 1152 tua

220 1169 318 1274 jussa,
335 1195 388 1270 ac,
402 1167 492 1244 dum
511 1166 587 1269 ipse
603 1169 675 1244 mei
690 1192 837 1243 memor
850 1193 927 1267 ero,
942 1164 1163 1272 haerebunt„
1196 1167 1316 1246 Citius
1331 1168 1428 1244 enim
1451 1165 1669 1269 mei-ipsius,
1692 1196 1806 1268 quam
1824 1178 1879 1251 tui

163 1303 171 1311 ·
225 1294 417 1349 tuarumve
431 1292 567 1367 rerum,
586 1291 673 1366 quas
691 1265 958 1371 diligentissime
982 1267 1131 1369 curab0,
1152 1268 1245 1345 mihi
1266 1267 1407 1346 oblivio
1437 1267 1604 1373 obrepet.
1976 1277 1977 1282 ’

220 1431 240 1496 .'
324 1429 381 1481 22.
405 1401 592 1502 Prafhgir'io.
618 1402 716 1504 Qtae
730 1403 822 1478 mihi
835 1398 874 1477 iti
887 1400 1062 1478 mandatis
1080 1393 1220 1494 dedisti,
1238 1421 1289 1497 ea,
1312 1418 1384 1494 qua
1404 1394 1541 1496 debeo,
1583 1393 1658 1504 fide
1674 1397 1876 1498 exsequor:

227 1505 353 1604 &jam
369 1499 499 1600 nescio,
517 1501 606 1598 quid
619 1505 710 1576 mihi
724 1505 864 1578 animus
877 1500 1046 1604 presagit
1062 1498 1167 1596 boni,
1184 1518 1225 1572 ut
1240 1493 1516 1596 quamprimum
1534 1493 1581 1570 ad
1595 1517 1694 1588 vota·
1705 1517 1777 1600 tua,
1794 1505 1875 1582 imo
1976 1491 1977 1558 Ῐ

221 1603 327 1706 supra
341 1602 408 1699 illa,
423 1601 671 1700 expediantur.
722 1602 765 1676 In
780 1626 853 1699 me,
870 1599 973 1699 quod
992 1596 1157 1674 accredas
1172 1595 1264 1670 mihi
1278 1598 1401 1693 velim,
1425 1619 1530 1670 mora
1545 1617 1623 1669 non
1641 1597 1709 1670 erit
1721 1601 1812 1674 ulla:
1836 1601 1878 1675 id
1976 1613 1977 1688 j

65 1700 67 1708 ’
129 1745 149 1800 2
223 1699 500 1814 enitnpreedieo
518 1699 594 1796 tibi,
612 1701 821 1778 habiturum
836 1721 871 1775 te
880 1697 1031 1798 quidem
1046 1697 1281 1800 aliquoS,qui
1293 1714 1351 1770 res
1374 1716 1452 1770 tuas
1470 1717 1520 1794 ea,
1529 1718 1603 1800 qua
1613 1693 1702 1796 fiius,
1719 1695 1877 1802 diiigen-
1976 1703 1977 1796 g

222 1805 281 1903 tia,
302 1821 498 1895 nemmem,
513 1805 575 1896 qui
600 1802 853 1900 majori—quam
871 1799 939 1874 suis
953 1797 1147 1899 impendit,
1166 1817 1355 1872 curaturus
1369 1791 1423 1872 stt.

135 1905 138 1912 ’
229 1999 232 2004 ,
324 1929 382 2000 23.
408 1907 582 1980 Dubitario.
607 1909 713 1984 Tene
728 1907 871 1984 audiam
887 1909 1024 2008 potius,
1037 1922 1083 1981 en
1099 1929 1171 2002 me,
1189 1902 1329 1980 dubito.
1402 1901 1466 1978 Tu
1479 1893 1587 1978 rebus
1603 1902 1674 1980 tuis
1698 1901 1799 1982 reste
1813 1934 1875 1986 cu·
1976 1909 1977 1914 ‘

197 2056 203 2083 t
222 2008 344 2088 randis
360 2031 421 2082 me
436 2004 624 2107 praeficere
638 2009 697 2082 vel
711 2013 789 2081 non
806 2009 873 2105 vis,
888 2008 948 2082 vel
962 2030 1040 2080 non
1054 2003 1174 2079 audes.
1224 2003 1309 2106 Ego
1333 2017 1425 2086 vero
1441 2001 1549 2097 volo,
1581 1999 1619 2076 ὃ(
1636 1997 1738 2076 stme
1754 2007 1873 2110 audis,
1976 1997 1977 2050 ³

222 2110 300 2209 tibi,
316 2128 359 2202 ut
375 2107 478 2202 mihi,
494 2130 577 2202 qua*
595 2109 662 2204 vis,
677 2109 846 2206 imperes,
865 2109 1020 2206 impero.
1072 2103 1144 2178 Res
1162 2105 1260 2177 enim
1279 2125 1357 2178 tuas
1382 2101 1603 2202 diligentius
1623 2125 1736 2197 quam
1758 2132 1875 2207 meae,

220 2207 365 2285 curabo.
418 2205 541 2305 Amici
557 2230 633 2283 uon
653 2205 785 2304 sumna,
802 2202 829 2278 st
843 2225 894 2300 tu,
913 2229 959 2278 an
979 2206 1139 2302 imperes
1154 2225 1239 2302 ego,
1257 2227 1303 2276 an
1317 2200 1454 2298 faciant,
1464 2199 1681 2276 dubitemus.
1730 2206 1874 2307 Neque

192 2331 197 2344 ·
219 2331 259 2386 tu
274 2303 387 2382 fidem
405 2318 527 2381 meam
543 2307 580 2377 in
601 2303 766 2404 dubium,
784 2303 867 2401 scio,
884 2301 1044 2400 vocabu,
1058 2324 1125 2376 nec
1140 2321 1239 2375 tuam
1253 2324 1327 2402 ego
1342 2299 1522 2374 fiduciam.
1570 2353 1574 2360 -

168 2458 186 2476 o
274 2464 276 2466 -
319 2405 379 2512 '24
403 2417 568 2516 mquifirio.
593 2413 708 2489 Nunc
720 2439 791 2520 ego
807 2437 934 2511 quaero
947 2412 1010 2488 abs
1027 2433 1062 2487 te
1092 2430 1203 2508 quare
1218 2410 1279 2486 alii
1297 2413 1573 2511 potiusquam
1594 2411 1686 2486 mihi
1712 2436 1772 2490 res
1792 2423 1873 2496 tuas

218 2515 390 2598 curandas
405 2511 646 2588 commiseris:
659 2509 819 2612 'quando
834 2537 895 2588 me
910 2513 970 2589 vel
986 2472 1143 2588 infidum
1155 2511 1216 2586 vel
1229 2513 1479 2682 aepligentem
1496 2511 1535 2584 in
1548 2507 1657 2587 rebus
1680 2515 1752 2588 tuis
1765 2515 1871 2592 inve·
1976 2567 1977 2600 t

217 2621 327 2716 neris,
346 2617 411 2713 qui
428 2614 573 2716 plerum
604 2637 648 2688 ue
668 2616 803 2712 ameiS,
818 2639 962 2712 quama
980 2615 1051 2687 tuis
1081 2609 1159 2685 sum
1175 2612 1265 2685 omis
1279 2634 1347 2688 tor.
1396 2606 1510 2706 Justas
1526 2633 1623 2685 certe
1640 2635 1873 2710 conqueren-
1976 2663 1977 2708 ἶ

219 2719 257 2796 di
271 2714 443 2792 adversus
465 2736 500 2788 te
517 2640 636 2806 cuddae,
656 2713 783 2789 habe‘o.
836 2711 949 2788 Aeto
964 2671 1213 2787 condintetur.
1264 2709 1328 2784 Tu
1341 2711 1434 2783 mihi
1448 2709 1485 2784 dr
1501 2733 1582 2784 reus
1600 2709 1769 2809 &judex
1785 2721 1872 2818 eris,

150 2827 157 2836 “
218 2815 283 2894 nifi
302 2838 337 2891 te
353 2813 470 2916 ipsum
485 2812 801 2910 condemnaveris,
821 2837 909 2888 cave
922 2834 1012 2888 nete
1026 2811 1284 2886 condemnem.
1337 2807 1500 2886 Centum
1516 2811 1616 2884 enirn
1629 2797 1870 2912 epistolarum
1976 2813 1977 2822 '

217 2941 412 2996 numerum
429 2913 560 3010 solveS‚
575 2935 768 3010 antequam
784 2933 820 2987 te
840 2912 1032 2996 absolvam.
1131 2929 1135 2936 ·

320 3049 379 3110 25·
406 3028 625 3118 Inrcnogario.
651 3021 726 3094 Ain
740 3015 860 3096 vero?
883 3020 977 3094 Non
991 3038 1025 3092 te
1040 3019 1131 3092 mihi
1144 3029 1300 3122 gravem
1321 3013 1403 3092 fore
1425 3017 1494 3092 tuis
1516 3019 1701 3124 negotiis?
1727 3023 1789 3098 An
1806 3025 1870 3104 hae
1976 3099 1977 3108 ,

218 3126 350 3219 amico,
367 3146 413 3195 an
435 3141 482 3218 te,
499 3141 544 3192 an
560 3125 620 3191 me
640 3117 762 3232 dignae
779 3141 890 3194 voces
906 3115 1013 3192 sunt?
1037 3127 1107 3214 qua
1124 3139 1163 3194 tu
1181 3119 1274 3194 mihi
1289 3115 1413 3192 fronte
1441 3116 1479 3191 id
1502 3117 1664 3195 occmis?
1689 3128 1767 3218 quo
1791 3129 1869 3201 ani·

217 3220 311 3300 mo?
335 3245 381 3296 an
394 3241 474 3293 mea
488 3217 554 3293 ribi
569 3215 660 3292 fides
673 3215 857 3320 suspeiia?
880 3239 925 3291 an
937 3239 996 3291 tua
1019 3241 1094 3318 ego
1109 3243 1271 3316 unquam
1281 3216 1425 3320 segnius
1442 3215 1592 3292 curavi?
1616 3245 1662 3294 an
1675 3245 1768 3298 meae
1784 3225 1869 3304 sunt
1976 3265 1977 3312 t

219 3346 277 3399 tot
293 3322 562 3419 occupationes
576 3339 618 3390 ut
631 3320 701 3392 tuis
721 3313 919 3392 excludar?
941 3316 1056 3392 fuitne
1071 3315 1213 3420 semper
1230 3317 1346 3416 major
1359 3315 1457 3417 apud
1475 3341 1535 3391 me
1551 3323 1590 3394 in
1610 3323 1691 3420 tuis,
1703 3329 1868 3419 quamin
1976 3381 1977 3386 ,

217 3423 309 3498 meis
328 3420 455 3518 rebus,
488 3413 722 3492 sollicitudo?
748 3418 828 3514 quis
844 3413 1032 3514 obsequio,
1053 3414 1193 3516 officiis,
1223 3415 1393 3492 industria
1426 3417 1640 3519 promtior?
1668 3421 1866 3525 responde,
1976 3419 1977 3458 ³

217 3519 244 3596 si
262 3523 320 3597 vir
334 3543 396 3615 es3
425 3513 651 3614 defendere,
672 3513 863 3591 fiamieus:
1758 3509 1772 3526 ⁸

320 3637 378 3704 26.
403 3621 568 3728 Respmfio.
595 3625 706 3701 Visne
721 3628 812 3701 utin
833 3627 1049 3741 me'oegotii
1071 3627 1177 3724 hujus
1200 3626 1316 3702 moles
1338 3627 1552 3704 recumbat?
1581 3627 1640 3706 En
1660 3630 1865 3732 Atlantem,
1976 3659 1977 3718 i

217 3734 282 3832 qui
295 3725 387 3804 fetat
400 3729 522 3807 animo
536 3723 733 3825 intrepido,
754 3749 820 3800 nec
833 3726 940 3826 iarere
957 3725 1116 3802 infirmo.
1161 3727 1229 3800 Vis
1250 3725 1441 3802 hominem
1465 3725 1693 3828 industrium,
1707 3729 1883 3834 diligen-2
1976 3737 1977 3826 j

213 3825 347 4004 reum&
368 3825 430 3902 En
453 3824 529 3924 tibi,
556 3825 620 3922 qui
641 3846 700 3922 tua
719 3828 842 3902 omnia
863 3827 909 3903 ira
930 3846 1067 3931 geret,
1075 3823 1304 3930 gubernabit,
1339 3847 1381 3900 ut
1397 3827 1487 3902 nihii
1509 3853 1529 3903 a
1550 3849 1586 3903 te
1608 3825 1686 3930 ipso
1703 3835 1865 3932 amplius
1976 3871 1977 3932 f

216 3955 260 4010 ex
291 3955 309 4006 e
349 3952 397 4004 es.

264 3956 289 4034 p
316 4065 375 4134 27.
398 4043 631 4137 Interpretare.
656 4033 807 4110 Amicus
819 4052 901 4110 tuus
909 4035 1000 4134 sum,
1009 4033 1047 4110 id
1062 4031 1123 4133 est,
1132 4039 1188 4109 res
1197 4053 1264 4108 tua.
1292 4037 1409 4111 Utere
1423 4035 1490 4136 illa,
1499 4057 1613 4137 prout
1624 4035 1864 4116 libetzverbo
1976 4075 1977 4090 κ

214 4142 336 4235 innue,
378 4136 543 4214 occultos
567 4136 836 4235 interpretabor
876 4133 1000 4211 sensus.
1054 4133 1233 4235 Optimus
1247 4139 1381 4214 amicus
1395 4137 1500 4210 amici
1515 4138 1696 4236 interpres
1714 4137 1776 4236 est,
1800 4143 1863 4216 ie.

215 4240 342 4314 omnia
355 4259 437 4333 quac
454 4235 545 4331 vult,
563 4235 620 4310 ille
640 4237 743 4310 volet
759 4236 856 4308 alter.
903 4237 1042 4312 ‘Manus
1060 4234 1150 4326 alter
1175 4233 1276 4310 alteri
1292 4232 1545 4311 commodabit
1555 4259 1567 4332 3
1594 4259 1679 4334 ora,
1700 4241 1864 4340 animur,
1976 4255 1977 4270 ¹

209 4361 266 4416 res
281 4337 385 4412 amici
401 4331 641 4432 curabir,plus
658 4359 766 4430 quam
781 4331 866 4406 suas.
1473 4353 1480 4363 ’
1573 4347 1589 4360 “
1648 4379 1652 4386 -
1693 4421 1697 4429 ,

305 4447 364 4518 28.
388 4437 564 4532 occupatio.
589 4429 742 4532 Ergone
759 4431 897 4505 nullum
912 4431 1014 4506 suite
1033 4453 1090 4509 tot
1106 4433 1279 4534 negotiis,
1295 4457 1378 4529 qute
1394 4434 1490 4510 inter
1504 4435 1642 4511 amicos
1652 4435 1751 4534 quast
1767 4437 1867 4516 divi-

211 4533 278 4632 dis,
292 4535 351 4608 eui
366 4557 426 4608 me
443 4530 670 4607 atimovercs.
720 4529 901 4632 Jam-scio,
916 4532 1049 4608 iterum
1069 4551 1232 4608 veterem
1252 4533 1343 4608 mini
1359 4535 1571 4629 cantilenam
1584 4538 1750 4612 occ'ures:
1779 4540 1865 4618 Tot

1742 4661 1866 4744 nego-
