3910 5234
233 238 306 330 722
796 199 965 310 munst.
991 199 1333 314 [iteruin-11⁷3

234 407 305 462 tur.
356 377 400 465 ln
414 379 471 456 his
486 378 599 452 Surdas
610 377 664 453 uri
679 394 813 452 ceteras
829 389 925 452 atres
941 376 1096 449 omnino
1117 395 1260 472 omnes,
1276 375 1323 448 ira
1339 371 1459 450 literas
1476 375 1583 450 etlam
1594 372 1637 448 ab
1646 371 1790 448 Adamo
1803 395 1878 478 pro·

235 482 348 562 leuas
363 505 441 556 non
461 478 614 554 dubitat:
642 479 839 552 immemor
855 496 974 549 tamen
994 471 1045 548 sui
1057 471 1151 570 alibi,
1167 497 1264 548 nune
1284 473 1410 570 Seter,
1434 497 1530 548 nunc
1546 472 1770 568 Abrahamo,
1795 501 1878 550 nunc

238 580 384 660 Cadmo
398 577 677 655 &thrticibus
700 599 822 649 earum
842 574 1096 648 inventionem
1113 570 1246 647 tribuit.
1260 571 1409 646 Adamo
1424 574 1616 649 inventum
1639 571 1676 648 id
1692 573 1824 668 aliquot
1836 601 1880 649 ra·

240 680 401 762 tionibus
419 676 566 752 Theod.
586 671 792 769 bibliander
809 669 983 748 adstruxit
998 676 1034 746 in
1053 669 1148 746 libro
1170 671 1216 744 de
1233 673 1423 747 communi
1438 672 1578 748 ratione
1596 673 1809 774 linguarum.
1840 673 1880 750 Et

123 849 130 872 ,
239 806 318 882 quo
334 781 453 854 minus
469 775 515 852 de
529 777 678 850 veritate
693 771 807 850 alserti
825 773 916 847 illius
934 770 1169 875 dubitaretur,
1179 773 1316 872 reperti
1332 772 1541 943 complures
1556 769 1648 868 sunt,
1680 774 1745 868 qui
1761 770 1881 850 fornas

239 883 425 958 literarum
441 873 696 954 Adamicarum
711 898 730 948 e
746 871 894 948 vetustis
909 870 1151 968 marmoribus
1167 893 1346 948 eruerent.
1438 891 1473 946 ta
1489 875 1637 942 laurent.
1651 873 1838 944 Schraderus
1851 875 1882 948 il·

241 984 292 1058 las
317 1003 337 1054 e
366 977 534 1054 columna
549 977 719 1050 Vaticana
741 967 1469 1074 descriptasMemorandisltalire,1592.
1496 967 1731 1070 Helmstadiae
1744 994 1763 1044 a
1777 971 1809 1044 se
1822 971 1882 1047 edi·

242 1081 304 1178 tis,
328 1101 398 1154 una
419 1101 502 1152 cum
524 1101 578 1172 23.
592 1073 807 1175 alphabetis,
829 1093 870 1146 ut
884 1090 1032 1166 vocant,
1047 1069 1134 1167 aliis,
1159 1068 1323 1166 inseruit3
1350 1095 1409 1166 24.
1424 1073 1636 1146 inventores
1655 1069 1834 1146 literarum
1850 1073 1882 1148 in

244 1176 455 1258 universum
495 1173 667 1250 credens:
693 1193 801 1269 atque
815 1169 907 1246 adeo
929 1169 1044 1268 duplo
1061 1169 1195 1268 plures,
1216 1194 1326 1266 quam
1345 1167 1429 1264 Joh.
1449 1169 1647 1246 Matthaeus
1663 1167 1839 1268 Lunensis
1852 1173 1882 1244 in

139 1283 143 1290 '
245 1279 286 1356 T
288 1277 371 1353 rasi.
391 1276 436 1352 de
450 1275 589 1348 Rerum
609 1271 879 1368 inventoribus,
902 1270 945 1348 ab
961 1264 1168 1370 Augustino
1185 1265 1383 1362 Justiniano
1398 1267 1501 1344 Paris
1519 1294 1622 1364 1520.
1643 1269 1759 1366 edit0,
1773 1273 1882 1368 inquo

249 1378 535 1480 12'.linguarum
575 1375 787 1448 inventores
828 1391 1048 1446 narrantur.-
1079 1365 1255 1444 Ceterum
1276 1366 1376 1444 rudis
1400 1369 1554 1444 nimium
1575 1365 1696 1470 figura
1721 1370 1883 1444 literarum

246 1476 345 1580 apud
359 1471 604 1549 Schraderum
622 1468 682 1569 est,
698 1469 735 1544 dc
752 1471 862 1572 longe
879 1467 1030 1546 nitidior
1052 1465 1248 1565 munder,
1268 1469 1385 1564 quiin
1396 1474 1501 1540 Aur-ea
1516 1471 1623 1568 Virga,
1638 1470 1659 1543 i.
1669 1493 1699 1544 e.
1709 1493 1767 1565 70.
1783 1469 1884 1569 alpha·

247 1577 340 1654 betis
353 1599 372 1648 a
387 1575 456 1668 Jac.
473 1571 732 1646 bonaventura
749 1567 963 1669 Hephurno
989 1567 1114 1664 ScotO,
1128 1567 1160 1646 S.
1175 1565 1352 1642 Francisci
1368 1567 1564 1664 monacho,
1582 1567 1715 1646 Romae
1733 1577 1823 1644 1616.
1844 1570 1884 1642 ni·

122 1667 127 1674 ’
249 1676 325 1755 tide
350 1672 466 1769 editis,
503 1671 701 1772 reperitur:
729 1669 821 1743 ut&
844 1669 882 1742 in
908 1673 941 1738 T
936 1628 1034 1738 asellis
1057 1665 1282 1765 Alphalerariis
1306 1669 1493 1754 variorum
1521 1661 1769 1744 charaslerum
1795 1671 1884 1744 variis

249 1773 420 1880 gentibus
440 1771 696 1870 usurpatorum
716 1767 883 1862 Francos.
898 1779 1006 1866 ις96.
1026 1789 1094 1866 per
1110 1765 1192 1858 Joh.
1208 1763 1456 1840 Theodorum
1476 1765 1514 1840 δι
1532 1763 1615 1858 ]οΙι.Ι
1637 1766 1742 1842 lsrael
1764 1767 1807 1842 de
1820 1768 1883 1866 Bry

199 1913 201 1918 v
224 1881 227 1888 ’
249 1877 315 1948 aeri
330 1869 461 1946 affabre
477 1867 606 1955 incisis,
627 1883 630 1892 “
653 1867 788 1942 Videas
804 1871 841 1940 in
863 1865 918 1944 his
937 1864 1057 1960 libris,
1080 1865 1134 1940 ’δι
1158 1884 1207 1938 ex
1227 1861 1356 1940 iisdem
1373 1867 1411 1938 in
1426 1863 1580 1968 Bangio,
1601 1865 1791 1968 alphabeta
1806 1865 1886 1942 Ada-

249 1973 401 2068 micum,
417 1968 675 2064 Henochetrm,
689 1960 936 2062 Noachicum,
952 1985 1058 2039 vetus
1072 1961 1271 2063 Allyrium,
1285 1963 1569 2063 Mercurianum,
1592 1963 1756 2066 Ifiacum,
1768 1969 1886 2063 aliaque
1939 1973 1940 1988 ¹

248 2070 357 2167 hujus
380 2069 524 2172 generis
552 2065 664 2165 plura.
741 2061 955 2140 Defendunt
984 2083 1161 2167 praeterea
1185 2061 1407 2138 charaderes
1425 2063 1507 2140 illos
1522 2061 1723 2141 Adamicos
1740 2067 1886 2168 Angelus

248 2167 400 2246 Roccha
428 2169 466 2241 in
506 2163 787 2240 Commentario
812 2161 1049 2236 Bibliothecae
1069 2163 1270 2238 Vaticanae:
1299 2160 1426 2238 Claud.
1447 2161 1608 2238 Duretus
1624 2165 1668 2239 in·
1681 2165 1836 2240 Historia
1849 2163 1886 2236 de

250 2269 321 2343 Lin
376 2269 404 2342 is
424 2261 596 2340 Universt
612 2261 760 2338 inferius
781 2259 1029 2358 memoranda,
1056 2257 1219 2336 Theseus
1239 2258 1458 2338 Ambrosius
1483 2263 1579 2338 inA
1610 2264 1767 2364 pendice
1787 2265 1887 2340 Intro·

226 2292 434 2443 'eusitius
466 2368 503 2438 in
536 2359 777 2463 Chaldaicam,
811 2359 1013 2458 Syriacam,
1051 2359 1285 2438 Armenicum
1326 2359 1365 2435 δι
1392 2364 1426 2436 jx
1466 2361 1546 2438 alias
1582 2289 1743 2478 iinguas,
1777 2351 1885 2466 Papia

88 2534 89 2544 .
208 2539 214 2547 .
252 2490 360 2565 1539.
379 2463 525 2540 excusa.
578 2459 725 2564 Quibus
744 2457 964 2536 omnibusse
979 2459 1150 2562 opponit,
1176 2455 1465 2560 adduslisat'que
1483 2460 1677 2542 confutans
1690 2487 1826 2541 eorum
1846 2488 1885 2537 rr·

247 2561 421 2662 tionibus,
442 2565 575 2636 Turnus
589 2569 726 2662 Bangiur
744 2563 782 2636 in
796 2555 905 2634 Ccelo
921 2557 1086 2636 Orientis
1102 2552 1265 2634 Exerel.
1290 2559 1327 2636 δι
1343 2559 1385 2634 ll.
1410 2561 1497 2660 (qui
1511 2559 1602 2636 liber
1628 2563 1702 2640 An.
1722 2579 1822 2640 1661.
1835 2561 1885 2636 sub

249 2667 358 2743 titulo
373 2669 641 2740 Exercitationum
655 2661 693 2732 de
708 2667 791 2732 Ortu
806 2657 849 2734 θ’
864 2658 1025 2759 Progr'effu
1047 2665 1228 2732 laruarum
1256 2656 1379 2734 denuo
1402 2659 1550 2736 excusus
1572 2659 1652 2760 est).
1700 2661 1828 2740 Nemo
1849 2685 1885 2737 te-

248 2785 337 2842 men
352 2788 468 2862 usque
488 2761 579 2838 adeo
594 2753 798 2864 παράδοξος,
813 2759 851 2832 in
866 2757 1072 2834 erudiendis
1092 2757 1297 2858 Graphlces
1311 2758 1355 2833 ab
1367 2758 1514 2835 Adamo
1527 2762 1687 2836 inventae
1701 2765 1884 2863 principib,

251 2863 354 2940 estac
378 2864 474 2958 Joh.
501 2861 681 2936 Parrus
704 2861 895 2956 Eurcus,
922 2855 1142 2956 Isenacensrs,
1157 2861 1221 2954 qui
1238 2859 1276 2932 in
1291 2857 1385 2934 libro
1404 2857 1481 2956 su0,
1498 2881 1608 2958 quern
1628 2866 1788 2936 charum
1804 2887 1883 2956 emy-

243 2967 338 3063 sterio
353 2969 542 3062 Principium
560 2962 777 3057 Philologicum
794 2955 981 3055 inseriplit,
997 2955 1182 3052 ediditque
1195 2957 1317 3032 Patav.
1334 2953 1436 3046 1'686.
1458 2961 1496 3034 in
1512 2974 1545 3042 8.
1566 2957 1752 3038 Adamum
1765 2961 1883 3040 inducit
1938 3011 1939 3056 ,

252 3087 338 3140 cum
355 3062 503 3136 nomina
520 3057 740 3154 animalibus,
764 3055 960 3130 secundum
975 3054 1104 3130 lbnum
1120 3056 1303 3154 cujusque,
1317 3056 1376 3132 seu
1397 3056 1572 3132 sonorum
1593 3083 1717 3159 voces,
1735 3064 1881 3161 impone·
1938 3111 1939 3150 ,

250 3183 320 3257 ret,
334 3185 354 3234 a
367 3157 568 3234 volatilium
579 3177 760 3232 concentu
776 3155 930 3250 vocales,
945 3151 1195 3228 arerrestrium
1206 3152 1355 3256 strepitu
1365 3157 1605 3238 consonantes
1616 3155 1851 3256 semivocales,
1866 3183 1881 3231 a
1938 3183 1939 3232 ι

251 3255 571 3334 mutisnatarillbus
585 3271 931 3349 mutas'mutuatum,
943 3251 1066 3353 postea
1080 3277 1125 3326 ex
1139 3256 1344 3329 animalium
1360 3260 1482 3331 ruoitu
1499 3255 1726 3429 &prunnitu
1743 3261 1878 3358 loquela
1938 3255 1939 3308 ἶ

253 3359 430 3456 elementa
445 3351 692 3455 composuisse,
703 3378 814 3452 eaque
826 3352 1059 3454 intelligibilia
1069 3352 1277 3445 reddidisse:
1302 3319 1546 3431 vadimus.
1582 3355 1879 3460 ipslln6862pag.

253 3455 418 3554 328seq.
469 3457 621 3552 Verum,
643 3455 748 3528 millis
766 3453 858 3528 hisce
877 3451 1082 3552 paradoxia
1106 3478 1203 3526 nunc
1220 3453 1263 3526 ad
1285 3453 1465 3556 Bangium
1488 3459 1718 3535 revertimur.
1768 3457 1878 3534 Credit
1938 3495 1939 3550 p

251 3557 293 3657 is,
313 3553 444 3634 dedisse
461 3552 580 3628 forsan
594 3555 777 3653 originem
803 3555 988 3628 literarum
1002 3553 1207 3626 inventioni
1227 3552 1437 3648 Adamum3
1460 3553 1519 3630 sed
1538 3549 1603 3652 ira',
1620 3545 1680 3632 sut¹
1697 3545 1809 3660 magis
1823 3581 1877 3632 cta
1938 3565 1939 3570 ’

248 3659 347 3758 perit
362 3653 520 3730 formare
542 3649 729 3754 apost-eris
741 3651 811 3728 suis
829 3653 1033 3751 expolitas,
1073 3675 1185 3748 quam
1206 3674 1246 3729 ut
1260 3653 1401 3753 integer
1428 3677 1619 3733 certorum
1630 3658 1875 3744 elementorum

250 3757 346 3833 ordo
363 3755 405 3830 ab
430 3751 492 3826 illo
516 3751 651 3828 fluxisse
669 3751 769 3827 credi
789 3773 904 3852 queat.
957 3751 1009 3824 lta
1026 3750 1197 3847 reliquos,
1213 3753 1276 3847 qui
1290 3752 1475 3828 literarum
1492 3755 1875 3850 inventoresrdicunur,

248 3881 368 3934 certos
388 3852 529 3928 sumum
545 3855 915 3952 quemqueqentium
941 3847 1163 3926 charac'ieres
1185 3873 1275 3924 exeo
1307 3849 1399 3926 irasse
1413 3852 1542 3952 forsan,
1576 3879 1654 3930 non
1672 3879 1759 3931 vero
1777 3855 1873 3928 llatim

276 3977 446 4058 ropterea
468 3951 530 4026 scri
563 3973 651 4024 turae
684 3975 891 4052 repertores
915 3948 984 4022 dici
1009 3952 1148 4023 mereri.
1199 3949 1253 4047 (l)
1317 3953 1499 4026 enoclrum
1523 3975 1652 4028 revera
1668 3952 1828 4056 'l'c'ripsrlle
1845 3954 1874 4024 li·

244 3983 355 4135 brum
369 4074 470 4131 extra
483 3978 715 4128 dubitationis
738 4049 986 4150 aleam‘ponit,
1009 4073 1087 4146 qua·
1101 4050 1139 4123 in
1162 4071 1202 4124 re
1227 4047 1400 4126 Brianum
1419 4047 1728 4135 waltunumjfibt
1747 4051 1872 4128 consen·

1743 4171 1872 4229 nentem

287 4383 327 4460 (b)
340 4387 385 4448 De
397 4383 471 4446 libro
485 4379 625 4460 Heracli,
640 4379 850 4462 columnisque
863 4379 1010 4458 Sethianis,
1026 4378 1303 4441 eonl'ertimerentur
1317 4379 1384 4461 Joh.
1405 4379 1493 4443 Hem.
1510 4353 1829 4446 Urfirufrsrereuuones
1840 4381 1869 4438 dr

368 4471 513 4542 Zoroastre
535 4467 688 4552 Hadriano,
706 4471 842 4550 Hctmrte
856 4465 1062 4554 ,l'risrnegillq
1086 4462 1335 4548 Sancbuniathone
1357 4465 1513 4546 Phrenieio,
1541 4486 1697 4554 toruaque
1709 4471 1821 4550 Scriptis,
1842 4463 1869 4526 u
