3932 5212
694 138 707 168 t

651 217 802 350 CdfflH.
853 241 1060 371 Destitit
1078 213 1224 330 Grecis.
1345 216 1349 225 r
1390 287 1433 336 χ
1499 234 1504 242 .
1639 235 1760 355 '1027

101 422 275 522 quiorum
290 415 452 520 scriptia,
470 413 676 494 observavit
696 401 862 520 Joftp‘bug
882 415 1095 512 ludaeorum
1113 415 1319 494 Historicua
1339 415 1389 492 lib.
1402 421 1431 491 l.
1447 410 1567 493 'canna
1588 427 1755 528 appionem

98 527 168 625 pig.
187 547 263 614 ¹054·
290 521 426 597 &cum
442 541 488 594 eo
504 520 611 594 etiam
635 517 848 593 Plutarchus
869 519 961 693 ggii
981 517 1027 594 de
1053 519 1214 594 Homeri
1228 519 1316 593 Vita
1333 519 1371 594 dc
1420 519 1493 594 oeli
1515 520 1650 600 librum
1667 549 1754 602 cona

101 619 249 722 scripsit,
274 621 502 716 alterumque
520 615 568 692 de
582 615 751 702 Dialettis
765 615 863 718 apud
923 543 1661 720 omitumoccttrren'ribuaneononSte
1691 625 1753 702 ba-

102 745 172 798 nus
188 721 424 818 Byzantinus,
447 720 577 816 aliique
592 715 808 818 conspirant.
880 715 912 790 E
934 739 1096 816 quorum
1118 716 1331 794 testimoniis
1351 739 1474 816 patet,
1500 717 1644 820 disjeeta
1663 649 1766 801 iiiuc'

101 823 211 918 illinc,
238 822 276 895 dt
297 819 455 894 laceratis
473 821 575 892 velut
590 815 774 920 membris¹
788 811 954 920 dispersa,
968 815 1128 892 Homeri
1148 815 1278 918 Opera
1297 841 1513 920 partemque
1533 819 1607 918 jam
1632 821 1752 924 perdi·

102 943 152 1019 ra,
174 943 220 997 ne
238 921 382 1020 penitus
396 917 597 1013 interirent,
619 939 756 1020 magno
769 940 842 990 aere
856 942 876 992 a
891 912 1092 1016 Piststrato,
1113 913 1341 996 Athenarum
1366 910 1488 1018 Duce,
1513 917 1582 994 elle
1603 917 1772 1018 conqui-v

103 1022 188 1116 stra,
210 1041 397 1120 operaque
412 1041 470 1111 72.
496 1015 675 1091 Virorum
693 1011 910 1114 donorum,
949 1015 1082 1114 quibus
1105 1014 1253 1118 lingulis
1279 1014 1494 1115 (deradere
1521 1017 1584 1118 fas,
1616 1020 1653 1096 dt
1675 1043 1754 1096 non

103 1121 234 1198 fabula
260 1120 384 1218 potius
414 1116 460 1191 ad
486 1114 890 1216 exemplum‘historiae
918 1116 964 1212 de
991 1141 1050 1210 72.
1076 1115 1340 1216 Interpreribus
1367 1115 1511 1202 Biblieis
1533 1117 1647 1196 efficta
1668 1115 1753 1220 est,)

105 1223 229 1298 omnia
248 1217 408 1292 Homeri
426 1227 597 1318 poemata
611 1209 806 1292 Pifistrnue
821 1217 858 1290 lh
873 1214 1044 1292 ordinem
1058 1211 1227 1320 cogenda
1246 1213 1354 1314 dedit,
1382 1241 1427 1292 eo
1445 1218 1593 1294 tandem
1612 1216 1679 1294 elle
1695 1243 1756 1294 or·

105 1321 192 1396 dine
211 1319 396 1415 collocata,
432 1336 545 1418 prout
560 1313 1000 1412 nuncsunt„Ariliarcho
1034 1314 1201 1417 inprimis
1225 1313 1476 1392 Grammatico
1502 1341 1610 1420 atque
1632 1319 1755 1396 Zeno·

106 1421 213 1518 dota,
238 1421 302 1517 qui
341 1420 475 1518 primas
512 1417 680 1490 omnium
704 1435 762 1506 72.
786 1413 955 1490 conlensu
978 1435 1191 1512 tenuerunt,
1214 1437 1329 1516 opem
1354 1413 1563 1496 ferentibus.
1612 1419 1757 1494 Verum
1829 1457 1834 1470 =

105 1544 226 1598 errare
239 1521 400 1622 graviter
413 1515 651 1617 Stephanum,
668 1511 756 1590 dum
772 1511 950 1589 Pisistrato
963 1513 1091 1588 Socios
1112 1509 1361 1590 Aristarchum
1383 1511 1491 1614 arque
1516 1515 1757 1600 Zenodorum

105 1620 179 1718 dat,
203 1641 361 1718 quatuor
374 1619 529 1716 integris
539 1615 733 1688 minimum
756 1611 878 1688 seculis
893 1614 1068 1712 juniores,
1093 1611 1291 1714 Gyraldus,
1318 1613 1368 1711 dt,
1392 1611 1614 1718 pastillum,
1638 1617 1756 1718 Lang-

104 1721 244 1799 bainius
258 1727 291 1790 in
307 1723 380 1790 Not.
394 1717 572 1815 adlmgin.
603 1713 679 1820 napi
704 1707 802 1810 ipae
825 1714 976 1784 ι011111.
999 1733 1226 1788 annotarunt.
1280 1711 1421 1792 interea
1443 1734 1562 1790 tamen
1585 1739 1653 1822 per
1674 1719 1756 1818 pati

23 1898 29 1909 ,
104 1841 159 1897 tes
173 1817 321 1896 collcda
337 1818 426 1892 olim
449 1814 796 1890 poemata-Homeri
825 1810 944 1912 soille,
969 1810 1055 1886 inde
1077 1815 1183 1887 etiam
1204 1831 1320 1912 patet,
1342 1812 1465 1911 quod,
1490 1813 1624 1892 eodem
1640 1813 1759 1914 Lang-

105 1922 227 1997 bairio
244 1915 469 2008 observante,
488 1913 783 2085 annquppartim
803 1909 932 1986 Iliados
944 1912 1105 1985 'nomina
1127 1909 1248 1986 adhuc
1268 1910 1454 2009 hodieque
1475 1914 1573 2022 apud
1594 1916 1759 1990 Autores

105 2022 355 2122 reperiuntur:
382 2011 619 2111 imoaodp
648 2033 711 2110 ete,
726 2009 987 2112 uteScalig'eti
1005 2008 1170 2086 Po'e'ticea
1185 2009 1245 2084 lib.
1261 2007 1289 2088 1.
1327 2035 1435 2110 c.4t.
1475 2033 1590 2114 patet,
1616 2015 1680 2114 qui
1700 2011 1758 2086 illa

4 2173 26 2206 x·
107 2145 155 2199 ex
179 2117 326 2194 AEliano
343 2111 467 2192 affera-
509 2111 685 2186 Ceterum
712 2133 790 2186 non
819 2131 965 2212 poterat
987 2131 1064 2183 non
1092 2107 1159 2184 hac
1177 2109 1317 2184 ratione
1334 2112 1500 2210 evenire,
1525 2132 1569 2189 ur
1580 2115 1687 2189 multi
1705 2133 1756 2185 er·

4 2227 6 2294 ἶ
107 2227 179 2298 iam
196 2217 307 2320 spurii
319 2210 462 2308 versus,
487 2233 674 2308 nunquam
689 2208 733 2284 ab
751 2206 908 2309 ipsomet
921 2209 1094 2284 Homero
1107 2205 1241 2308 scripti,
1257 2205 1360 2284 simul
1381 2233 1452 2286 una
1467 2212 1757 2286 intruderentut:

4 2313 5 2322 '
98 2319 241 2419 ,quibos
255 2337 377 2393 tamen
392 2333 432 2386 ot
453 2309 686 2386 mederentur
705 2307 956 2406 Grammatici,
981 2306 1178 2382 obeliscum
1204 2306 1464 2410 apposuerunt.
1538 2309 1684 2416 Qtodli
1705 2311 1758 2384 in-

108 2443 165 2506 ter
184 2415 256 2516 iph
272 2414 435 2488 Homeri
456 2419 627 2511 po‘e‘mata
643 2407 740 2500 duo,
762 2431 845 2504 quae
874 2407 1068 2500 habemus,
1099 2410 1324 2508 comparatio
1348 2407 1550 2493 insttrnnur
1562 2471 1573 2508 ,
1607 2407 1769 2500 Iliadem„

109 2514 273 2617 Odyllea
285 2512 409 2588 multis
422 2510 543 2602 modia
562 2506 631 2581 elle
652 2503 951 2606 praestantiorem,
964 2525 1087 2579 ‘nemo
1109 2529 1270 2602 unquam
1289 2510 1457 2607 negavit,
1482 2513 1622 2611 quippe
1648 2513 1760 2608 quarti

108 2637 263 2719 vegetus
275 2610 405 2706 adhuc,
421 2609 459 2684 dt
472 2609 621 2708 poetico
635 2605 761 2706 spiritu
783 2625 882 2679 totus
898 2625 1060 2704 angens,
1083 2601 1315 2718 conscripsit:
1341 2629 1496 2703 quaeque
1512 2613 1621 2706 proin
1645 2612 1757 2684 totius

20 2753 27 2762 ·
109 2715 292 2794 Carminis
308 2711 410 2810 Epiri
432 2709 562 2810 arpi-nov
586 2706 705 2780 ubivis
720 2699 1076 2778 accuratesetvatum
1093 2699 1267 2777 ostendit:
1293 2727 1376 2776 curn
1400 2725 1526 2778 contra
1568 2709 1606 2779 in
1627 2705 1755 2804 Odys·

109 2817 164 2894 sea
179 2809 373 2907 scribenda,
395 2809 468 2907 iam
488 2805 532 2882 ad
549 2803 686 2880 senium
706 2801 880 2905 proclivis
895 2799 1031 2877 fabulas
1057 2801 1094 2876 dt
1109 2801 1354 2877 relatiunculas
1369 2803 1503 2904 nugis,
1528 2765 1665 2879 iolenni
1680 2807 1756 2901 ejus
1881 2875 1884 2882 .

68 2973 73 2981 -
110 2918 225 2994 aeratis
246 2913 349 3008 vitio,
370 2931 494 2982 amare
510 2900 682 3007 crepida,
707 2924 827 2999 neque
848 2899 1005 3002 amplius
1024 2897 1154 2976 fabulae
1175 2901 1351 2976 unitatem
1376 2899 1550 2978 servaret:
1580 2922 1690 3000 prout
1712 2901 1758 2978 ad
1837 2967 1841 2978 .

111 3011 347 3092 Aristotelem
365 3005 410 3082 de
428 3005 572 3082 Poetica
585 3003 713 3080 Pardus
731 3002 882 3076 Benius:
907 3024 948 3074 ac
969 2998 1031 3073 diu
1043 3021 1130 3074 ante
1149 2997 1303 3073 Benium
1320 2999 1396 3076 Scri
1425 3022 1487 3077 tor
1504 3003 1755 3107 apsrtadrnr'ac,

111 3111 269 3212 Dionys
289 3107 465 3210 Longius,
489 3105 553 3179 ici
565 3103 792 3178 observavit:
818 3102 881 3198 qui
896 3098 1078 3202 posterior
1093 3117 1269 3200 proptera
1292 3027 1493 3198 odyiieam
1518 3101 1673 3180 occiduo
1693 3105 1758 3178 So·

111 3219 137 3296 li
151 3227 349 3312 comparat,
364 3203 652 3308 magnitudinem
668 3200 741 3278 stne
761 3193 901 3276 ardoris
923 3197 1153 3274 vehementia
1180 3199 1369 3272 retinenti:
1401 3199 1463 3273 au't
1484 3199 1640 3279 Oceano
1665 3207 1758 3284 intra

111 3308 342 3412 demetipsum
355 3303 527 3407 regrello,
550 3303 587 3377 dt
602 3301 735 3399 edito,
758 3297 843 3374 aestu
859 3299 1033 3373 interiore
1047 3298 1213 3372 littorum
1229 3295 1367 3371 ambitu
1387 3295 1422 3371 se
1442 3301 1662 3401 continenti,
1683 3303 1761 3380 abs·

114 3437 189 3515 que
203 3431 334 3505 tamen,
349 3425 390 3479 ut
410 3404 614 3504 ingentium
630 3397 841 3504 stagnorum
854 3395 1071 3472 mannitudo
1095 3394 1170 3496 ipsa
1191 3393 1379 3472 decrescat.
1430 3393 1488 3472 De
1509 3398 1656 3501 Virgilii
1674 3427 1759 3478 cum

114 3517 289 3594 Homero
302 3501 525 3604 comparatione
540 3499 679 3576 clidium
695 3497 756 3596 est,
769 3498 833 3574 ubi
846 3495 891 3570 de
906 3459 1078 3598 birgilio,
1099 3498 1194 3570 inter
1217 3495 1364 3570 Latinos
1389 3493 1465 3570 Scri
1494 3517 1604 3595 tores,
1641 3523 1763 3602 agere·
1838 3517 1849 3540 ⁸

116 3637 208 3692 mus.
258 3601 364 3705 (Illud
381 3625 478 3676 nunc
500 3623 548 3674 ex
575 3601 686 3674 Mena
716 3600 802 3672 ianis
825 3593 876 3672 de
906 3595 997 3669 Ren.
1014 3521 1622 3765 RapiniComparationeduorum
1638 3597 1762 3676 Poeta·
1854 3649 1855 3656 κ

117 3738 199 3791 rum
213 3709 349 3783 horum
370 3695 581 3776 addendum
595 3695 662 3771 eli:
722 3699 874 3796 apinam
893 3690 1057 3772 instituto
1080 3694 1131 3768 illi
1153 3689 1289 3768 difficli
1334 3693 1411 3770 lane
1442 3695 1619 3796 imparem
1639 3723 1659 3772 a
1682 3698 1763 3772 Me-

116 3812 228 3914 nagio
240 3805 334 3880 dici:
358 3823 428 3876 nec
447 3795 751 3872 Graecntlomen
764 3798 843 3872 loca
857 3791 1025 3888 habuisse,
1041 3790 1104 3868 nist
1119 3815 1294 3867 common
1345 3791 1763 3898 antesuppeditanteque

117 3913 157 3990 T
158 3933 259 4004 anaq.
278 3901 412 3996 Fabro,
428 3920 542 3995 quern
560 3917 646 3970 mne
663 3892 837 3970 reducere
848 3892 894 3967 ad
909 3890 1134 3989 Pontificius,
1156 3888 1228 3988 seu,
1249 3912 1290 3965 ur
1312 3890 1386 4063 ipse
1406 3893 1589 3992 loquitur,
1611 3917 1763 3972 conver·

118 4033 198 4090 tere
211 4005 257 4083 ad
270 3999 382 4078 fidem
396 3995 624 4072 Catholicam
637 3994 806 4069 volucrit.
856 3991 1004 4066 Notum
1018 3991 1111 4090 alias,
1135 3988 1238 4088 quod
1253 3987 1300 4063 ad
1355 4015 1475 4089 nnam,
1500 3991 1602 4069 Tana
1627 4053 1633 4068 .
1654 3993 1763 4072 Fabri

121 4094 245 4203 filiam,
271 4101 423 4202 elegiam
444 4093 510 4170 scri
540 4091 639 4189 serit,
663 4113 705 4167 ut
732 4090 932 4167 deterreret
955 4090 1195 4185 alienarerque
1225 4107 1245 4162 a
1271 4087 1553 4168 Protellanrium
1572 4022 1762 4211 reiigione,

122 4204 328 4305 Menagius.
394 4192 465 4269 Sed
526 4213 677 4292 epatre
715 4191 803 4290 ejus,
827 4213 895 4292 per
914 4187 1099 4286 Rupinum
1123 4207 1284 4286 tentato,
1319 4186 1411 4263 nihil
1438 4191 1581 4268 aliunde
1607 4188 1761 4283 constat:

122 4303 201 4403 nlfi,
226 4296 329 4399 quod
353 4293 530 4389 Huetius,
560 4291 597 4364 in'
620 4289 842 4390 Evangelica
865 4283 1072 4363 Demonstt.
1103 4287 1230 4458 Pappos
1246 4291 1304 4360 ill.
1331 4293 1355 4373 ς.
1376 4308 1414 4371 tr.
1438 4289 1568 4390 refert,
1606 4283 1766 4372 Fabrttni

123 4405 249 4510 paucis
267 4415 348 4474 ante
364 4391 638 4486 obitumannis,
660 4390 771 4464 literis
784 4388 828 4464 ad
846 4383 994 4482 sedatis,
1013 4385 1082 4462 elle
1104 4407 1139 4462 te
1170 4408 1281 4486 arum,
1309 4386 1343 4462 se
1370 4387 1417 4462 do
1441 4385 1597 4494 regrellu
1619 4391 1665 4468 ad
1696 4391 1763 4471 Ec·

125 4497 331 4598 defigfflym
343 4513 415 4592 qua
429 4510 533 4576 natus
548 4509 634 4587 etat,
648 4487 875 4568 Pontificiam
872 4488 1063 4662 &agitare
1069 4511 1080 4579 3
1102 4484 1209 4583 quod
1222 4509 1309 4564 eum
1330 4509 1435 4588 vello,
1456 4508 1578 4570 morte
1598 4499 1766 4596 'proeven-

392 4603 400 4618 ''
920 4606 979 4660 00
1004 4607 1095 4664 000
1148 4609 1167 4660 2
1676 4615 1769 4696 tum⁹
