3908 5230
284 296 363 397 Cap.
387 289 467 373 XII.
502 287 576 369 ‘De
591 293 780 374 Aittoribtts
800 289 932 372 Latina
952 293 1153 401 linguata
1169 290 1297 370 AEtnte
1316 251 1505 401 Argentea.
1529 291 1547 310 ⁸
1648 261 1736 396 877'

91 464 131 551 lo
148 462 317 564 probare,
334 464 372 540 dt
389 483 466 539 tuni
486 463 523 537 in
536 460 690 537 Salmasii
712 461 986 540 emendationes
1019 463 1209 538 nonnullas
1229 462 1376 539 Phaedii
1395 461 1528 565 stylum
1547 463 1718 572 stringit]

67 489 222 637 Pabrum
238 565 276 636 in
294 559 510 638 adornando
526 561 594 638 suis
614 556 736 638 studiis
754 563 912 639 Phaedro
926 564 1071 663 excepit
1082 561 1165 661 Joh.
1178 562 1393 662 Schefferus,
1426 567 1463 640 dt
1485 568 1640 642 omnino
1652 589 1722 648 tet'

68 661 166 738 illuni
181 660 307 760 edidit,
321 661 389 739 suis
416 663 454 740 dt
467 661 594 737 ‘Franc
611 659 737 738 Guieti
752 665 861 760 notis,
869 663 1060 760 indiaeque
1073 663 1314 738 Freinshemii
1324 664 1623 766 locupletissimo,
1639 669 1720 746 illu·

67 757 227 858 sttatum,
250 764 288 835 U
318 761 931 866 saliae1663.i(›66.&Hambui·gi
955 765 1170 858 1673.in8.
1217 761 1371 838 Addidit
1403 787 1553 860 quoque
1590 765 1717 846 Albini
1847 845 1849 852 ,

63 859 267 937 versionem
346 863 470 938 llicam.
521 859 735 939 Posthumas
746 862 828 955 Joh.
846 862 1085 937 Freinshemii
1104 864 1142 937 iti
1163 862 1361 938 Phaedrum
1374 885 1479 939 notus
1495 888 1579 939 cuin
1599 865 1726 942 indice*

63 959 179 1036 Henr.
194 959 357 1036 Holstius
372 961 527 1038 Atoent.
551 970 647 1055 1664:
663 963 700 1036 iti
718 978 748 1048 8.
764 959 888 1036 edidit.
937 947 1086 1062 Scripsit
1101 962 1139 1038 dt
1154 965 1192 1037 in
1206 962 1363 1040 eundem
1381 962 1586 1038 Aridiorem
1608 987 1716 1042 notu·-

64 1058 110 1134 las
126 1059 301 1160 quasdam
317 1059 415 1137 Isaac.
428 1029 655 1159 lseveietus,
672 1061 707 1136 dt
725 1061 807 1153 Joh.
822 1059 967 1136 Ludov.
983 1059 1177 1138 Praschius.
1230 1063 1273 1137 ln
1294 1061 1401 1138 usum
1416 1061 1593 1164 Delphini
1609 1064 1713 1142 illum

63 1159 175 1235 edidit
191 1160 296 1236 Paris.
318 1177 419 1258 1675.
437 1172 475 1236 in
492 1186 528 1255 4.
542 1162 667 1236 Petrus
681 1159 853 1236 Daiietus.
904 1159 1020 1260 Apud
1034 1161 1203 1260 Batavos,
1228 1187 1312 1236 cuin
1327 1160 1456 1266 figuris
1471 1165 1580 1238 aeiieis
1600 1163 1712 1238 &rio-

61 1260 330 1360 iisVatiorum,
355 1261 681 1356 Jthaurentius:
709 1255 907 1334 Amllelod.
932 1267 1031 1350 ¹667.
1061 1261 1100 1334 in
1121 1274 1159 1340 8..
1204 1260 1292 1336 Poll
1310 1283 1371 1336 iot
1388 1263 1590 1348 multotum
1606 1261 1715 1338 Criti-

61 1383 190 1434 corum
206 1359 358 1460 labores,
374 1362 479 1436 multi
501 1358 687 1461 supersunt
701 1382 821 1435 tamen
838 1362 875 1434 in
890 1381 992 1436 textu
1007 1358 1155 1435 Phaedri
1168 1385 1323 1458 errores,
1346 1384 1387 1435 ac
1405 1362 1528 1436 vincet
1545 1359 1719 1438 omnium·

61 1481 222 1557 conatus,
243 1458 430 1560 siquando
447 1464 484 1534 in
501 1461 618 1542 lucem
634 1457 811 1560 prodibit,
838 1465 949 1562 Matq.
964 1462 1073 1555 ¹Gudit'
1097 1466 1343 1558 Commentarius
1361 1459 1431 1558 (rm)
1465 1462 1530 1558 qui
1543 1461 1614 1534 Vir
1631 1461 1713 1536 lllu·

61 1553 151 1657 slris,
168 1560 371 1662 Rigaltiano
392 1559 518 1634 codice
532 1557 625 1658 usus,
651 1584 821 1662 magnam
838 1561 980 1636 invenit
1001 1557 1303 1634 emendationum·
1327 1585 1371 1634 co
1402 1562 1483 1658 iam,
1509 1583 1599 1656 quas
1631 1585 1712 1634 non

62 1657 315 1738 observaverat
330 1660 506 1762 Rigaltius
526 1655 610 1758 ipse.
661 1660 733 1758 (Ro
784 1677 841 1734 tus
855 1656 971 1734 fuerat
984 1587 1522 1755 olimGudius,aScheliero,ut
1535 1658 1714 1758 ipsiPhae-
1748 1715 1750 1721 .

61 1754 169 1834 dium
185 1754 328 1834 edituro
343 1782 446 1835 notas
464 1756 538 1832 suas
554 1783 623 1832 una
640 1760 732 1832 eden
761 1783 796 1834 as
813 1761 1109 1856 communicaret,
1123 1778 1254 1834 vetum
1272 1757 1396 1832 abnuit
1419 1757 1489 1854 ille,
1505 1782 1712 1860 quanquam

58 1861 181 1952 paucis
197 1859 325 1936 diebus
341 1859 465 1960 colligi
479 1857 548 1956 sua,
566 1857 603 1930 ὅ(
619 1859 657 1930 iii
672 1857 841 1932 ordinem
861 1857 896 1930 di
927 1860 979 1932 eri
992 1856 1104 1958 polle,
1129 1855 1234 1936 falsus
1263 1859 1448 1934 tationem·
1456 1882 1548 1932 vero
1557 1857 1713 1960 denega-

63 1958 88 2032 ti
105 1957 216 2032 officii
233 1955 475 2054 istius'adjecit
495 1957 668 2058 graviora
685 1959 722 2030 in
737 1957 864 2032 itinere
882 1882 950 2031 sgo·
962 1961 1119 2060 negotia.
1141 1959 1205 2030 aiu:
1219 1919 1306 2060 dpifi'.
1321 1968 1374 2030 cit.
1420 1957 1530 2032 Nihil
1553 1963 1716 2032 omnino·

61 2055 162 2132 dedit
178 2079 298 2133 autem
320 2059 389 2154 ille,
413 2055 502 2130 dum
523 2056 681 2132 viveret:
705 2053 899 2158 nuncpost
921 2079 1081 2133 mortem
1096 2060 1190 2160 ejus,
1215 2060 1252 2132 iti
1272 2058 1404 2160 Belgio
1424 2055 1503 2154 esse,
1529 2061 1592 2155 qui
1609 2055 1711 2159 dige-

60 2178 128 2252 rat,
150 2159 187 2232 dt
207 2148 271 2253 q'ui
286 2156 487 2231 editionem
502 2153 650 2230 Phaedn
692 2177 780 2254 aret,
816 2157 932 2254 ajunt:
966 2157 1069 2254 quod
1084 2181 1124 2236 iit
1138 2159 1413 2258 quamprimum
1428 2155 1488 2230 liat
1505 2156 1713 2257 optandum

60 2255 130 2328 est:
158 2258 395 2351 nequeenim
414 2255 575 2358 vulgaria
599 2183 745 2330 Gudius
767 2258 973 2355 promittit)
1002 2256 1128 2333 Refert
1162 2260 1198 2332 in
1228 2255 1400 2357 Epistolis
1420 2253 1466 2331 ad
1490 2256 1714 2356 scaligerum
1759 2329 1763 2338 ,

59 2355 208 2428 Gallicis
224 2355 346 2430 Nicol.
358 2355 539 2432 Fabricius
562 2353 769 2453 Pelieseius,
796 2355 831 2430 se
845 2379 890 2429 ex
905 2355 1044 2432 Pinello
1065 2359 1254 2456 aliquoties
1276 2353 1465 2451 audivisse,
1489 2355 1714 2456 Scaligerum
1812 2431 1816 2442 ,
1871 2337 1885 2362 ”

12 2521 19 2540 ,
61 2452 130 2526 else
144 2457 181 2527 in
195 2453 392 2530 Pha’druni
408 2457 524 2554 aliqua
540 2455 723 2551 molitum,
749 2455 849 2552 cujus
874 2459 927 2528 rei
949 2455 1202 2532 certitudinem
1228 2453 1415 2558 exposcit(
1451 2453 1595 2528 Verum
1623 2451 1715 2526 nihil

59 2575 183 2626 earum
208 2543 578 2660 Animiidversionum
600 2577 761 2650 unquam
793 2554 1007 2663 comparuit.
1024 2557 1086 2626 aid.
1107 2561 1216 2656 Ep.46.
1237 2555 1322 2627 itti.
1339 2553 1383 2629 εἴ
1396 2577 1440 2667 ep.
1450 2553 1627 2644 juditii.
1672 2551 1721 2624 ln.

59 2652 259 2754 Rigaltiana
274 2655 418 2728 Phaedri
429 2655 587 2728 editione
603 2655 734 2726 multas
748 2649 816 2729 esse
834 2673 937 2726 notas
948 2651 1172 2728 Salmnharias
1188 2655 1291 2727 Laut.
1310 2651 1451 2726 Crassus
1472 2649 1616 2723 testatur
1630 2649 1716 2722 Elo-

60 2775 154 2922 ξιον.
173 2753 261 2827 Ρ.ΙΙ.
276 2779 311 2854 p.
329 2779 410 2829 ato.
464 2751 642 2827 Ceterum
660 2749 707 2823 de
725 2748 885 2824 didione
903 2749 1049 2824 Phaedri
1071 2753 1239 2850 inprimis
1258 2753 1367 2824 etium
1391 2746 1552 2823 conferri
1571 2765 1716 2820 merent

98 2853 237 2928 evulsor
251 2854 288 2923 da
303 2857 439 2926 ludicra
453 2851 593 2923 bistone
602 2873 701 2950 [2205-
708 2849 798 2950 fiii·
816 2850 853 2924 dt
868 2849 1037 2926 Butthius
1051 2849 1218 2948 Adrasta.
1235 2854 1256 2924 Ι.
1267 2855 1351 2920 XLV
1351 2855 1391 2918 ll.
1405 2875 1430 2920 c.
1445 2871 1483 2919 io.
1494 2842 1564 2918 &d
1574 2850 1641 2918 LH.
1651 2869 1720 2936 c.5..

60 2955 224 3048 quietim
245 2955 425 3030 acensuta
445 2949 691 3028 nasutuloium
706 2947 881 3047 defendit,
897 2945 1001 3023 limtil
1020 2949 1099 3024 loca
1121 2947 1289 3047 quaedam
1309 2945 1473 3023 illustrat.

144 3155 292 3230 'Po'c'tas
313 3151 520 3250 insequatur
540 3151 684 3254 elegans
701 3147 776 3246 ejus
798 3148 980 3250 temporis
1008 3142 1181 3223 Historiae
1203 3145 1380 3223 Romanae
1395 3144 1478 3220 Scri
1502 3165 1574 3244 tor,
1596 3141 1759 3234 VEL-5·

59 3250 207 3348 LEJUS
234 3252 587 3349 PATERCULUS,
614 3249 673 3324 seu
690 3246 801 3346 Cajus
816 3247 886 3344 ille,
904 3245 964 3322 seu
980 3245 1146 3343 Publius,
1177 3244 1252 3319 sive
1266 3243 1433 3340 demum,
1483 3267 1585 3320 arcus
1607 3267 1719 3320 voca-

59 3372 114 3427 tus
133 3355 254 3454 suerit,
275 3355 376 3430 miles
392 3353 493 3450 olim,
530 3352 568 3426 dt
589 3347 651 3424 sub
672 3348 827 3422 Tiberio
843 3348 880 3420 in
897 3345 1120 3419 Germanico
1137 3343 1234 3420 bello
1251 3342 1417 3444 peditum
1434 3341 1648 3442 praefestus,
1674 3346 1717 3418 in·

60 3447 272 3530 Pannonico
287 3453 349 3528 sub
366 3451 498 3526 eodem
515 3452 653 3554 legatus
662 3465 677 3542 ;‘
696 3445 830 3550 postea,
845 3443 1003 3519 abdicata
1014 3445 1153 3542 militia,
1167 3443 1332 3538 iustorum
1346 3451 1393 3514 νει·
1406 3447 1550 3513 Romam
1560 3440 1714 3516 scribere

60 3551 244 3654 aggressus
259 3551 333 3650 est,
375 3551 551 3648 librisque
578 3549 722 3623 duobus
743 3543 1006 3646 compendium
1027 3542 1118 3618 illius
1141 3543 1259 3636 dedit3
1284 3543 1563 3641 quorumprior
1580 3560 1712 3636 tamen,

60 3657 227 3760 gentium
241 3655 391 3728 aliarum
408 3647 593 3724 historiam
613 3671 791 3742 enarrans,
806 3668 937 3746 magna
951 3640 1001 3717 sui
1015 3663 1118 3742 parte
1136 3642 1281 3716 mutilus
1298 3639 1357 3716 eli.
1374 3639 1568 3738 Postquam
1592 3639 1714 3712 Velle·

57 3771 135 3844 jum
149 3755 296 3890 primus
311 3752 441 3828 Beatus
456 3749 665 3848 Rhenanus,
683 3769 766 3822 cuin
786 3741 1010 3918 quibSu'prslapp
1021 3745 1118 3940 naotis
1137 3741 1222 3838 Joh.
1234 3739 1319 3816 Alb.
1333 3741 1517 3839 Butetii,e
1534 3761 1711 3935 typopffi

65 4145 126 4210 (aii)
144 4143 237 4220 Marq.
254 4133 342 4200 Gudii
355 4133 387 4192 in
400 4131 553 4194 Phaedtum
568 4130 842 4202 commentationes,
854 4126 884 4186 in
901 4121 967 4218 Joh.
982 4120 1100 4202 Georgii
1118 4116 1220 4177 Gratti
1234 4135 1345 4196 matius,
1363 4116 1560 4218 poleAutoiit
1580 4133 1720 4215 mortem,

189 4225 295 4300 delate,
308 4219 347 4296 dt,
363 4218 447 4296 hujus
461 4219 525 4278 Viti
539 4218 652 4278 Summi
666 4217 753 4278 duslu
767 4231 850 4294 atque
864 4210 997 4290 auspiciis,
1014 4229 1029 4264 a
1041 4207 1098 4264 Pet.
1111 4203 1285 4280 Eminentia,
1294 4203 1514 4278 Ultrajesbnqe
1528 4201 1644 4262 bchedis
1658 4222 1710 4261 mi·

189 4310 266 4370 nutis
276 4303 478 4384 tepalantibuq
500 4322 605 4386 magno
620 4321 687 4362 cum
702 4301 804 4374 labore,
819 4295 939 4357 colleslae
948 4291 1124 4376 digestaque,
1139 4287 1169 4347 in
1183 4287 1318 4348 Editione
1331 4285 1441 4348 Phaedri
1451 4283 1712 4382 Amllelodainetisi,

158 4447 169 4470 ,
189 4385 383 4456 aButniaiino
397 4393 431 4450 Λ.
444 4386 531 4472 1698.
546 4390 577 4448 iti
593 4395 649 4457 8vo
667 4403 766 4462 tritara,
787 4382 934 4460 Notisque
948 4378 1102 4439 Vatinium
1123 4367 1235 4469 insuper
1256 4373 1324 4450 aliis,
1340 4373 1442 4451 partim
1464 4371 1589 4468 integris,
1600 4387 1709 4469 partini

55 4549 59 4554 ,
189 4481 334 4560 excerptis,
347 4471 521 4552 locupletata,
533 4473 627 4534 lucem
641 4475 698 4554 jain
712 4470 877 4552 aspexerunt
898 4463 1048 4552 publicam,
1071 4459 1134 4523 &a
1153 4459 1311 4520 Liternum
1327 4458 1442 4520 illarum
1462 4453 1582 4520 Aniasiis
1597 4470 1712 4539 ingenti

188 4583 254 4628 cuin
269 4557 404 4646 applausu
425 4555 491 4620 sunt
513 4573 640 4638 excepta.
722 4600 725 4611 .
842 4575 848 4582 ·
1063 4583 1066 4590 ,
