3948 5234
215 193 297 358 'tta
348 281 362 297 ,
397 172 439 296 '.
640 209 703 338 ,“
777 211 943 355 aiala.
965 244 1122 328 naon.
1169 205 1250 325 tta.
1277 245 1343 326 tn.
1460 188 1480 340 s

142 441 190 525 '2
228 430 250 476 *
272 421 348 504 Sub
363 423 470 500 cenis
483 418 594 498 tintlis
607 415 674 494 sun
700 413 830 494 lieibus
847 413 990 520 Adagia
1004 413 1152 504 colleela
1167 413 1357 513 habemus3
1372 434 1415 490 ut
1428 407 1712 508 Ensmiantilh,
1732 431 1820 508 quae
1844 407 1885 486 dt

195 465 282 606 §la
338 523 392 598 'us
405 517 569 622 separato
585 441 711 594 libelld'
724 514 770 592 ad
792 515 1132 594 locosSturmianos
1150 516 1208 589 vei
1221 514 1423 590 Benzianos
1446 510 1600 616 redegit.
1665 511 1815 625 Verum
1846 511 1888 586 ti·

153 669 162 690 κ
231 625 300 703 tuli
350 622 453 696 inon
467 615 655 694 sufficiunt.
722 615 824 692 Solet
844 617 995 692 enimin
1018 613 1303 786 Adagioalipuo
1317 613 1357 690 dr
1376 609 1575 727 subjestum
1591 599 1888 727 &praedicatum

234 721 377 801 involvi
409 717 576 814 adeoque
592 717 737 818 integra
758 712 930 790 sementia
943 713 1108 790 exhiberi
1139 737 1221 811 quar
1250 712 1297 788 ub
1312 709 1577 816 generaltffimo
1600 705 1890 808 tttulo‘subjedh

83 867 88 884 ·
235 816 361 900 diffiise
376 777 484 896 limis
498 813 687 912 quaritur,
700 811 766 890 nili
784 813 938 891 velimus
956 837 1072 890 unum
1086 773 1259 910 idemque
1284 810 1470 925 Adagium
1494 808 1559 886 sub
1585 809 1785 924 duplicem,
1810 811 1906 886 imo.

22 955 25 964 ¹
130 997 132 1005 ,
232 911 419 1000 interdum
440 915 634 1021 triplicem,
655 912 802 990 titulum
826 910 975 990 referre.
1021 911 1126 988 Nam
1151 913 1213 986 v'el
1237 909 1283 986 ad
1310 907 1507 1010 subJeEium
1532 910 1800 986 enuncianonis
1829 909 1889 985 vel

231 1018 279 1096 ad
294 1013 531 1120 praedicatum
545 1010 779 1088 referendum
795 1009 858 1110 est,
872 1012 931 1088 vel
946 1010 991 1087 ad
1008 1010 1158 1088 tertium
1182 1011 1339 1109 aliquem
1363 1031 1599 1112 conceptum,
1624 1009 1690 1108 qui
1712 1029 1732 1083 e
1754 1031 1890 1086 conne-

226 1105 347 1196 'xione
361 1111 511 1213 subjedli
525 1111 563 1188 dt
580 1109 767 1214 praedimti
779 1111 908 1188 oritur.
957 1111 1022 1186 Ne
1034 1107 1156 1208 it'aque
1173 1111 1211 1184 in
1226 1105 1321 1184 vasta
1338 1107 1439 1209 sylva
1457 1133 1622 1207 quaerete
1637 1103 1821 1182 necellum
1835 1106 1888 1207 stt,

236 1213 340 1318 quod
361 1211 407 1290 ad
422 1212 575 1314 scopum
594 1207 759 1286 nostrum
776 1209 872 1310 facit,
896 1207 1179 1314 praestatritulos
1203 1209 1262 1284 vel
1285 1209 1453 1284 lemmata
1477 1206 1690 1284 sententiosa
1714 1204 1891 1306 formare,

22 1360 26 1367 ·
191 1383 201 1406 χ
237 1341 320 1416 quae
337 1315 517 1389 internam
531 1307 743 1385 sententiam
756 1309 961 1408 exhibeant,
981 1309 1041 1385 vel
1057 1305 1256 1385 sub'estunt
1270 1306 1392 1409 potest
1407 1332 1475 1410 per
1487 1306 1716 1386 additionem
1738 1307 1888 1384 alicu'us

95 1453 127 1464 ·-
168 1435 222 1506 26
235 1379 464 1514 adjetliviid
482 1427 622 1486 certum
641 1409 799 1507 aliquem
815 1409 1023 1511 &plenum
1043 1333 1375 1512 senlltmrelhingi.
1425 1413 1442 1446 ⁸
1468 1407 1530 1484 Ad
1556 1407 1636 1484 haec
1658 1408 1781 1505 itaque
1840 1407 1889 1484 ol-

198 1533 203 1549 ·
234 1513 396 1592 leuanea
417 1507 608 1586 referenda
624 1506 715 1584 sunt.
777 1531 806 1584 r.
824 1497 967 1586 Omnia
984 1507 1128 1622 Adagia
1148 1531 1168 1582 e
1195 1505 1379 1584 veteribus
1405 1506 1619 1610 Auturibus.
1686 1531 1721 1584 2.
1745 1503 1888 1584 Omnia

233 1611 424 1715 Adagialia
439 1597 695 1714 &haerewaldo
709 1630 755 1684 ex
768 1607 939 1685 omnibus
954 1605 1157 1684 Autonbus
1174 1607 1419 1706 cujuscunque
1438 1609 1551 1684 aeratis
1576 1607 1614 1684 dt
1627 1607 1776 1714 lingum,
1798 1631 1888 1709 prae·

203 1763 209 1770 -
236 1715 343 1816 cipue
365 1731 487 1786 tamen
507 1709 650 1784 Graecae
672 1709 710 1785 δι
733 1707 883 1806 Latinae,
905 1732 1114 1804 quanquam
1139 1707 1178 1784 δι
1199 1729 1330 1782 ceterae
1350 1708 1485 1824 lingum
1504 1707 1701 1782 maximam
1721 1703 1889 1782 litbmini·

171 1843 224 1918 27
236 1810 347 1888 strent
361 1809 485 1884 talium
501 1809 748 1912 copiam‚quae
766 1805 839 1882 stne
854 1808 930 1883 ullo
945 1805 1075 1882 ordine
1089 1807 1315 1909 collegerunt
1328 1809 1418 1884 vat'u
1432 1804 1611 1883 Antores„
1636 1809 1671 1850 “*
1703 1804 1888 1895 3.'Ontnia

63 1977 75 1997 ,
235 1903 460 1986 hemistichia
475 1907 534 1982 vel
550 1904 673 1984 versus
686 1905 811 1982 Graeci
825 1905 863 1982 dt
876 1906 1007 2004 Latini,
1021 1907 1085 2004 qui
1099 1928 1273 2010 argutum
1292 1904 1431 1982 sensum
1448 1905 1599 1982 habent:
1626 1905 1743 2006 qualia
1767 1904 1887 1982 infini-

237 2031 273 2086 ta
286 2004 368 2082 sunt
388 2005 488 2105 apud
509 2005 641 2082 Poetas
665 2004 820 2081 Graeeos
840 2005 879 2082 dt
899 2005 1061 2104 Latinos,
1087 2006 1273 2107 praecipue
1294 2004 1392 2107 apud
1417 2007 1603 2108 Satyricos
1629 2007 1667 2082 dt
1693 2003 1887 2104 Comicus,

68 2157 73 2174 .
166 2133 170 2145 ·
235 2128 398 2280 puorum
414 2102 495 2181 usus
512 2106 549 2180 in
566 2104 624 2181 his
638 2102 810 2180 omnibus
828 2104 941 2207 longe
956 2101 1007 2178 est
1018 2106 1212 2200 maximus,
1232 2103 1270 2180 dt
1290 2107 1355 2203 qui
1368 2104 1463 2208 saepe
1483 2105 1529 2180 de
1547 2104 1655 2182 rebus
1682 2129 1886 2207 conceptus

16 2232 30 2252 κ
173 2223 223 2303 28
252 2225 409 2304 ormam,
423 2227 519 2302 quos
534 2200 661 2280 frustra
672 2201 770 2303 apud
787 2203 877 2281 alios
896 2199 1115 2300 quaesiveris.
1143 2263 1148 2270 .
1188 2207 1207 2248 ⁴*
1232 2202 1456 2306 Exemplum
1478 2206 1552 2304 ejus
1566 2201 1800 2308 suppeditare
1817 2231 1885 2322 P⁰.'

235 2303 302 2382 test
318 2305 500 2378 Barim
516 2301 559 2378 l!
576 2308 751 2376 Rotmarut
762 2303 799 2376 in
813 2299 997 2376 Centuriis
1017 2301 1309 2382 Proverbiorum
1323 2306 1626 2409 Virgilianorum‚
1643 2303 1816 2404 equibus
1827 2305 1887 2382 nh·

157 2403 180 2510 '5
232 2428 307 2502 qua
323 2401 503 2505 excerpsit
518 2401 721 2478 Goelenius
737 2401 776 2475 in
794 2405 896 2474 Praar'
908 2405 1037 2474 Arrium
1051 2405 1247 2476 Generalium
1256 2425 1288 2506 p.
1313 2414 1370 2496 64.

109 2547 116 2558 ⁵
173 2612 227 2688 29
346 2567 566 2678 EVirgilio,
580 2588 623 2645 ut
638 2568 816 2670 exemplis
838 2564 1055 2666 quibusdam
1072 2564 1218 2647 consilia
1230 2565 1352 2646 nostra
1366 2569 1595 2671 illustremus,
1609 2571 1721 2649 multa
1744 2571 1884 2678 elegan-

235 2663 364 2748 tiffime
376 2668 421 2746 ad
437 2671 536 2744 varia
549 2669 723 2769 applicari
738 2666 903 2770 pollitnt3
928 2665 1003 2742 five
1022 2665 1146 2746 versus
1163 2671 1330 2773 integros
1344 2667 1381 2748 dt
1393 2671 1503 2750 caesus
1521 2671 1692 2772 sermoni,
1714 2670 1790 2748 five
1810 2672 1887 2750 sen·

234 2769 313 2853 sum
339 2766 686 2848 eoruminseramus.
756 2769 815 2844 Sic
837 2791 866 2844 e.
886 2793 925 2874 g.
945 2791 993 2846 ex
1013 2765 1089 2844 Ecl.
1118 2794 1148 2846 1.
1200 2773 1343 2872 Namque
1365 2779 1430 2846 erit
1445 2771 1711 2874 ilemihisemper
1726 2777 1823 2862 Deus,
1838 2773 1884 2850 ad

234 2868 287 2946 tit.
304 2873 446 2954 Patroni
454 2869 613 2952 laudandi,
620 2875 747 2968 gratias
758 2867 878 2968 agmdt,
886 2867 1014 2944 referri
1032 2867 1161 2970 potest.
1212 2869 1263 2941 Sit
1282 2869 1406 2944 canibus
1419 2875 1538 2946 candos
1559 2875 1746 2973 fimalcs‚ssc
1770 2885 1884 2947 matri·
1972 2865 1973 2884 ¹

235 2968 292 3040 lus
306 2970 416 3056 hadar,
437 2967 565 3042 referri
585 2963 705 3066 potest
725 2966 770 3040 ‘ad
794 2967 939 3042 titulum
960 2977 1183 3068 comparationi
1212 2965 1400 3072 disparium:
1424 2969 1517 3048 slvet
1540 2979 1689 3060 ,qumo
1719 3001 1793 3046 cama
1820 3001 1886 3048 ma-

127 3095 129 3108 *
228 3074 306 3167 gnis
333 3083 524 3168 comparata.
596 3063 688 3168 Quo
712 3062 841 3140 referri
866 3067 974 3142 etiam
998 3063 1146 3167 poliunt
1173 3067 1249 3144 illa:
1292 3075 1428 3146 Tantum
1447 3075 1535 3146 aliat'
1551 3081 1637 3146 inter
1656 3095 1752 3176 caput
1766 3079 1887 3146 extulit

217 3164 337 3250 ,u'rbca,
360 3170 525 3262 Quinum
554 3163 639 3236 lenta
655 3161 759 3262 solent
783 3171 868 3236 inter
891 3162 1025 3238 viburna
1046 3166 1175 3268 capreffl
1238 3167 1354 3260 'Idem
1389 3171 1435 3246 ad
1474 3174 1639 3250 titulum:
1670 3184 1885 3274 prerogativa

168 3350 173 3358 ι
233 3249 501 3342 νειεκειΙὶιιιτιὶε
524 3259 652 3340 referri
680 3257 814 3364 potest„
884 3259 1030 3379 [Psffst
1053 3269 1105 3337 Ta
1145 3275 1280 3370 opinus,
1294 3273 1363 3443 1Ipfl
1389 3277 1432 3344 Te
1444 3275 1566 3370 sontes,
1588 3269 1653 3376 ipfia
1674 3273 1737 3344 haec
1762 3271 1885 3370 arbusta

1308 3394 1327 3443 e

214 3357 383 3446 'tractabant
399 3364 458 3440 vel
474 3361 567 3438 serio
583 3364 643 3438 vel
660 3359 977 3464 ltoniceusurpart
1025 3386 1087 3440 ote
1139 3364 1186 3441 de
1214 3392 1292 3467 prae
1328 3372 1563 3472 ntiaalicujus
1584 3367 1794 3470 desiderata,
1816 3373 1880 3448 vel

234 3457 418 3540 neceihria
432 3462 492 3537 vel
505 3457 772 3562 supervacanea.
850 3469 921 3536 Nan
940 3389 1050 3536 laedat
1071 3484 1138 3541 ram
1157 3465 1320 3568 presentes
1346 3469 1418 3544 aiibi
1436 3469 1613 3572 cognoscere
1629 3479 1738 3562 Divos,
1762 3473 1882 3572 idest,
1970 3471 1971 3548 ι

138 3653 145 3664 ἱ
231 3585 309 3642 ιιοιι
339 3559 516 3636 habebam
542 3559 625 3636 alibi
653 3560 839 3638 fortunam
863 3562 956 3638 adeo
984 3561 1187 3641 faventem:
1222 3565 1456 3644 referendum
1482 3571 1528 3648 ad
1551 3573 1696 3648 titulum
1725 3575 1881 3672 fortuna,

221 3665 356 3761 savaria
374 3664 563 3762 Primipum.
642 3666 708 3734 Nec
729 3666 812 3732 mala
832 3668 927 3739 vicia
968 3671 1065 3734 ccam
1090 3675 1233 3768 contagia
1254 3667 1364 3742 ladem
1388 3667 1622 3746 referendum
1647 3669 1694 3748 ad
1732 3674 1880 3750 titulum

177 3827 181 3836 .
229 3756 469 3874 ιιιντιιενβιιὶοιιίιΙ
493 3759 588 3832 mala.
686 3765 734 3834 En
759 3767 845 3863 quoia
874 3683 1060 3861 conslrnmus
1083 3789 1178 3866 agras
1204 3763 1439 3845 referendum
1466 3769 1512 3846 ad
1537 3771 1698 3848 titulum:
1747 3771 1882 3847 labaret

224 3867 325 3933 iniri.
385 3883 399 3906 ⁹
1385 3913 1388 3920 ·

172 4011 224 4088 30
321 3982 482 4061 Horatio
498 3982 601 4070 ‚nihil
614 3981 690 4060 hoc
709 3985 748 4062 in
773 4009 910 4102 genere
929 3984 1154 4088 praestantius
1178 3987 1240 4091 est,
1255 3996 1320 4090 qui
1335 4016 1376 4072 ut
1396 4019 1525 4074 omnes
1544 3999 1631 4077 vitae
1653 3999 1813 4078 mnonee
1838 4005 1876 4080 in
1968 4032 1969 4040 ι

226 4082 449 4184 Satyrissuis
464 4083 678 4183 complexus
693 4079 754 4183 eii,
776 4108 822 4162 tta
838 4083 1011 4164 flosculos
1031 4085 1248 4190 suppeditat,
1270 4093 1402 4190 quibus
1422 4097 1559 4192 hairum
1576 4100 1616 4174 in
1635 4099 1794 4176 modum
1815 4127 1876 4180 or·

224 4206 310 4259 nare
325 4179 530 4258 (ermonem
545 4180 708 4258 nostrum
730 4183 928 4284 pollumus.
949 4263 952 4282 ,
976 4183 1062 4290 Ego
1071 4210 1168 4263 certe
1177 4189 1222 4266 Sa
1267 4195 1412 4293 roseius
1426 4218 1557 4274 omnes
1574 4201 1767 4278 memoriae
1775 4225 1875 4278 man·

226 4281 306 4357 dari
319 4282 443 4379 velim,
458 4303 536 4358 tum
549 4283 673 4358 invita
695 4283 779 4385 ipsa,
795 4307 876 4360 tum
889 4287 928 4360 in
947 4282 1114 4362 sermone
1136 4287 1213 4364 usui
1275 4315 1380 4370 rurus.
1457 4291 1725 4400 Elegantiffima
1746 4303 1875 4378 omnia

135 4472 141 4485 ,
219 4379 441 4480 sunqdillio
462 4381 586 4478 nitida,
607 4381 657 4480 dt,
679 4379 706 4456 st
729 4408 903 4461 numeros
925 4384 1038 4473 tollas,
1058 4383 1218 4464 sermoni
1237 4389 1357 4470 soluto
1375 4413 1470 4493 apta.
1545 4397 1741 4476 Urbanitus
1761 4401 1799 4474 in
1822 4425 1871 4479 eo

219 4480 325 4582 mira,
338 4479 422 4561 iales
438 4479 592 4583 candidi,
602 4505 650 4560 ex
661 4479 786 4562 abdito
800 4498 918 4573 erutae
925 4481 1123 4587 sententiat,
1135 4490 1286 4592 argutia
1300 4516 1378 4570 non
1391 4489 1539 4598 coalia,
1558 4513 1671 4578 metae
1685 4497 1872 4600 Charites,

1759 4621 1871 4678 omna
