3950 5236
97 291 98 296 a
218 275 293 364 504
463 251 515 276 ·-
761 228 943 341 tatylub
979 233 1136 347 Eitefar,
1187 229 1334 340 Lissi.

121 420 142 452 ²
214 421 349 528 iulium
364 413 601 512 anuumque
618 403 677 525 eli.
728 404 771 484 ld
785 427 906 524 tamen
924 409 1042 512 magis
1062 431 1161 486 nunc
1174 366 1318 522 optabis
1346 413 1433 520 cum
1450 425 1469 486 a
1487 399 1627 481 metibi
1643 374 1897 490 eom&

218 529 252 602 ri
269 520 414 599 videast
444 537 557 614 quem
570 521 728 628 'utinter
745 533 884 623 atntcos
898 531 1041 625 tueare
1072 532 1174 605 ones,
1193 529 1240 582 ita
1256 465 1430 582 desdetta
1445 505 1610 605 explete,
1632 503 1760 600 quoad
1783 525 1889 618 pote·
1968 537 1970 548 ι

219 629 283 800 u
297 602 1889 814 ‘lgbllssllgsdllalblitlldlllllttlllstlffiltllal

221 729 334 916 ffl}
360 743 414 895 utp
415 816 532 904 solent
546 809 626 911 elle,
672 811 784 886 uaein
797 807 971 924 desideria
987 811 1025 886 dt
1040 805 1188 922 affesius
1202 807 1236 883 se
1251 766 1471 922 diffunddnt.
1521 763 1792 920 Finem’igitur
1810 804 1892 920 scri·

222 923 335 1003 bendi
348 920 484 1014 faciam,
503 912 567 990 ubi
587 912 661 990 boc
682 933 798 988 unum
817 908 883 985 nbi
900 906 1093 1017 anguifero,
1115 908 1162 986 de
1179 904 1501 986 innumerabilibus
1525 926 1595 986 tuta
1617 927 1741 1007 inme
1758 902 1893 986 officis

223 1024 367 1104 nullum
381 1018 651 1114 mihiunquam
665 1009 749 1088 fore
768 1010 916 1114 gratius6
967 1009 1095 1088 Vale·
1377 1046 1381 1052 .
1602 1055 1605 1064 ,

811 1273 814 1280 ’
872 1277 1052 1386 Eadem
1064 1281 1246 1386 variata.
1291 1346 1295 1357 ·

1928 1429 1947 1464 q

166 1548 190 1622 3
331 1517 485 1608 'Cumtu
499 1526 642 1630 semper
658 1521 704 1602 sis
717 1521 1021 1626 occupatillimus,
1036 1520 1189 1620 diesque
1210 1543 1341 1596 omnes
1360 1518 1398 1596 dt
1417 1519 1527 1596 horas
1553 1521 1591 1595 in
1614 1515 1720 1620 Reip.
1746 1522 1899 1622 negem

226 1626 431 1738 impendas,
448 1633 486 1708 in
500 1626 725 1729 Reipublicae
741 1623 941 1702 commoda
954 1646 1108 1725 peccare
1128 1619 1299 1717 videbor,
1313 1619 1339 1694 st
1353 1643 1389 1696 te
1401 1617 1833 1722 gravioribusintentum
1842 1645 1895 1698 re·

225 1737 296 1814 bus
309 1734 421 1809 literis
436 1733 527 1808 meis
542 1751 695 1804 avocare
710 1724 810 1802 ausus
826 1724 969 1801 fuerim.
1017 1719 1109 1797 ldeo
1123 1723 1162 1796 in
1175 1720 1354 1796 mandatis
1366 1721 1416 1794 illi
1431 1718 1528 1818 dedi,
1544 1721 1608 1818 qui
1618 1719 1692 1795 bas'
1702 1718 1771 1796 tibi
1785 1722 1895 1796 nadi-
1972 1775 1973 1784 ι

227 1831 538 1931 turusestliteras,
551 1853 599 1906 ne
612 1849 648 1906 te
662 1851 708 1903 ex
723 1823 927 1928 improviso
944 1821 1194 1930 aggrediatur,
1207 1818 1268 1896 sed
1278 1822 1399 1898 mollia
1413 1819 1512 1896 sandi
1528 1843 1701 1924 tempora
1718 1817 1895 1940 dispiciat,

191 1953 211 2006 .·.
231 1932 419 2036 quibus-te
434 1929 472 2010 δι
486 1929 702 2026 alloquatur,
715 1927 753 2002 δι
767 1925 885 2000 literas
903 1923 1074 2027 legendas
1093 1923 1283 1998 exhibeat·
1342 1921 1380 2014 δι
1404 1921 1502 1998 enim
1523 1919 1621 1998 teeie
1638 1941 1673 1998 te
1691 1931 1798 2022 novt,
1817 1949 1895 1998 non

230 2034 452 2130 committes,
468 2050 509 2106 ut
525 2029 703 2124 conqueri
717 2024 765 2100 de
781 2023 904 2099 studiis
920 2023 1047 2100 officiis
1076 2045 1121 2097 ue
1136 2025 1205 2098 tuis
1226 2023 1332 2098 amici
1347 2017 1495 2124 pollint,
1511 2025 1575 2122 qui
1590 2043 1689 2110 totus
1707 2017 1754 2096 ad
1774 2019 1896 2098 officia
1972 2109 1973 2114 Ν

230 2132 358 2230 riuus,
374 2132 471 2208 nulla
488 2131 526 2204 in
546 2151 585 2204 te
601 2127 748 2202 illorum
766 2122 950 2201 desideriis
964 2123 1009 2200 de
1058 2122 1194 2199 esoles.
1242 2124 1337 2198 Non
1350 2121 1448 2198 fallar
1462 2146 1554 2227 ergo
1569 2121 1632 2225 spe
1651 2123 1690 2199 dt
1712 2124 1896 2238 opinione
1973 2191 1974 2204 ,

203 2227 209 2239 ’
229 2259 321 2333 mea,
338 2232 497 2308 stliteras
509 2251 607 2304 meas
622 2245 758 2302 attente
772 2225 985 2328 perlegeris,
999 2245 1107 2320 atque
1124 2225 1248 2298 omnia
1258 2224 1331 2320 illa,
1346 2245 1429 2320 quae
1447 2245 1467 2298 a
1481 2245 1518 2300 te
1532 2245 1621 2325 peto
1648 2219 1820 2300 sacillnne
1830 2226 1896 2300 im·

231 2355 462 2439 pettaturum
477 2353 539 2406 me
552 2325 713 2405 confido.
786 2323 953 2425 Spartam
967 2321 1171 2398 Sacerdotis
1188 2321 1425 2420 ambiturque
1442 2325 1535 2423 petit
1553 2349 1603 2398 no
1657 2347 1685 2401 t.
1764 2321 1894 2400 Habea

230 2461 310 2512 rem
327 2455 455 2530 totam,
472 2449 628 2527 quae-me
642 2424 689 2501 ad
703 2423 932 2502 scribendum
946 2423 1104 2524 inpulit,
1124 2423 1225 2520 cujus
1239 2423 1331 2498 mihi
1346 2420 1539 2504 causatenec
1554 2423 1667 2522 loves,
1682 2445 1751 2500 nec
1768 2448 1896 2525 paucae

230 2536 322 2612 sunt.
394 2532 490 2608 Non
510 2531 658 2602 'onoras
676 2524 761 2628 ipse,
780 2547 890 2620 quam
905 2521 1065 2600 sensium
1085 2525 1191 2598 amici
1211 2533 1351 2598 nomen
1369 2521 1431 2621 fit,
1447 2523 1548 2622 cujus
1563 2521 1896 2626 causacuperevel-

222 2639 336 2732 leque
351 2635 474 2708 omnia
487 2629 533 2702 dc
560 2651 674 2725 emus,
692 2650 775 2724 quae
792 2623 942 2720 quidem
967 2621 1098 2722 nosttae
1119 2622 1293 2700 facultatis
1312 2621 1402 2700 sunt.
1427 2659 1432 2668 ·
1479 2625 1563 2702 Fuit
1581 2623 1674 2700 mihi
1686 2639 1790 2706 'veto
1810 2651 1894 2700 cum

226 2740 301 2814 hoc
315 2733 468 2815 homine
482 2749 591 2824 atque
606 2751 673 2828 pet
688 2727 843 2828 longum
856 2721 960 2800 usum
979 2721 1076 2821 quali
1089 2724 1287 2799 inveterata
1300 2725 1457 2800 amicitia
1469 2747 1578 2824 atque
1593 2723 1832 2824 familiaritas,
1852 2749 1894 2802 ιιι

230 2837 397 2934 injuriam
417 2833 473 2906 ille
487 2851 641 2932 gravem
656 2827 887 2926 interpretari
905 2822 1032 2926 possit,
1056 2821 1082 2899 sl
1098 2825 1136 2899 in
1151 2848 1209 2923 re,
1234 2849 1318 2922 quae
1334 2826 1491 2900 maxime
1510 2825 1557 2902 ad
1576 2823 1685 2899 illum
1712 2827 1894 2930 pertinet,

229 2933 472 3012 destituerem.
549 2923 790 3003 Conversatio
813 2925 905 3000 mibi
920 2945 1005 3000 cum
1020 2925 1085 3000 illo
1100 2948 1195 3025 pene
1211 2923 1421 3022 quotidiana
1445 2922 1513 3026 est,
1539 2950 1610 3024 qua
1625 2928 1683 3003 ita
1701 2923 1891 3024 oblector,

229 3057 272 3112 ut
286 3057 399 3110 omne
412 3030 503 3104 mibi
518 3049 662 3124 tempus
678 3023 849 3100 acerbum
863 3021 1083 3122 existimem,
1104 3023 1207 3122 quod
1221 3022 1295 3100 line
1308 3022 1662 3130 illo-transigendum
1685 3023 1743 3103 est
1769 3037 1778 3044 '
1797 3027 1893 3102 Non

230 3137 359 3210 attinet
379 3151 475 3202 nunc
490 3147 708 3222 memorate,
731 3149 842 3220 quam
858 3122 916 3216 ille
932 3126 968 3197 in
987 3122 1095 3200 iebus
1115 3126 1208 3200 meis
1228 3123 1414 3225 curandis,
1440 3124 1613 3202 ornandis
1642 3151 1682 3202 ec
1699 3125 1893 3224 juvandia,

231 3233 344 3309 fuerit
360 3227 548 3322 sollicituS,
571 3246 611 3300 ut
637 3221 821 3298 benefieiis
846 3223 922 3320 ejus
950 3220 1160 3320 obstrietus,
1186 3247 1297 3323 atque
1321 3225 1371 3300 illi
1393 3225 1673 3328 propemodum
1704 3225 1892 3304 obnoxius

231 3334 366 3407 vivam.
444 3326 543 3429 Quae
558 3347 617 3400 me
630 3323 726 3400 causa
742 3349 820 3498 prae
835 3326 962 3402 ceteris
976 3322 1148 3399 omnibus
1161 3324 1334 3426 impellit,
1360 3350 1419 3426 ut,
1445 3323 1736 3444 quibisjpossum
1751 3325 1893 3424 officiis,

230 3437 240 3507 i
271 3427 539 3506 sivoluutatem
547 3421 741 3502 meamdec
754 3448 873 3522 arem,
898 3447 944 3500 ne
961 3445 1148 3502 tantorum
1156 3421 1647 3506 beneficiorummemonatn
1665 3427 1894 3528 platteexuis-

172 3558 179 3572 ι
284 3529 429 3627 videat,
454 3551 493 3602 ac
510 3528 742 3628 ingratorum
759 3524 955 3600 hominum
978 3547 1154 3622 numero,
1181 3528 1245 3624 qui
1260 3525 1358 3602 nesle
1376 3526 1423 3602 de
1435 3527 1544 3604 rebus
1556 3526 1736 3627 judicant,
1755 3553 1818 3604 me
1835 3525 1894 3604 ad·

100 3673 109 3680 -
232 3630 397 3707 scribant.
472 3627 640 3728 Tuetgo
652 3624 740 3700 Tibi
753 3649 830 3700 non
844 3649 924 3700 rem
944 3622 1055 3726 ipsam
1070 3646 1209 3702 tantum
1220 3685 1231 3724 ‚
1252 3650 1329 3702 non
1351 3628 1564 3730 Agapetum
1587 3625 1891 3726 noslt'um,sed&

233 3753 294 3806 me
308 3727 427 3830 ipsum
442 3725 531 3801 Tibi
548 3749 741 3826 propone,
767 3723 863 3822 quali
879 3723 953 3827 ipse
967 3727 1136 3826 Spartam
1145 3727 1240 3801 illam
1254 3726 1451 3828 ambirem,
1477 3750 1585 3826 teque
1593 3730 1713 3804 utmei
1721 3727 1821 3806 eausa
1828 3724 1892 3804 sol·

232 3831 350 3906 licitus
368 3826 434 3927 sis,
459 3849 643 3930 rogarem.
712 3825 832 3923 Nam,
856 3849 1063 3925 quanquam
1084 3826 1276 3930 Agapetus
1297 3825 1420 3904 noster
1437 3825 1547 3906 aliena
1567 3827 1893 3906 commendatione

232 3956 311 4007 non
324 3927 484 4032 indiget,
500 3928 542 4000 iis
556 3947 705 4002 ornatus
719 3927 934 4026 virnuibus,
961 3949 1044 4025 quae
1060 3929 1229 4003 omnium
1240 3925 1342 4003 facile
1359 3925 1467 4008 ferire
1482 3929 1610 4007 oculos
1625 3925 1891 4029 pollqnt,quae·

125 4099 138 4130 ,
234 4055 307 4129 que
330 4055 350 4104 a
370 4029 517 4104 nemine
538 4027 776 4130 ignorantur3
801 4048 939 4126 tamen,
965 4049 1007 4104 ut
1034 4051 1132 4104 nunc
1162 4025 1243 4106 sunt
1265 4050 1457 4131 tempora,
1481 4025 1715 4130 quibusipsa
1739 4053 1893 4127 quoque

231 4131 406 4232 probita!
414 4125 581 4202 Patrono
595 4125 668 4202 ind'
779 4152 853 4231 ego
865 4151 1018 4206 omnem
1032 4151 1111 4206 rem
1137 4127 1299 4239 auspiciis
1320 4131 1411 4206 meis
1436 4127 1616 4234 agendam
1639 4125 1710 4205 die
1731 4127 1890 4208 decrevi.

232 4230 353 4344 Quod
369 4227 394 4302 li
408 4251 500 4331 ergo
517 4250 620 4304 meua
638 4227 687 4302 Tr
740 4252 846 4304 amor
858 4227 965 4306 cordi
978 4224 1045 4325 est,
1063 4226 1114 4304 de
1132 4254 1208 4326 quo
1222 4253 1297 4334 ego
1312 4253 1462 4328 quoque
1476 4230 1628 4306 minime
1647 4226 1892 4308 dubitandum

233 4327 301 4404 elle
316 4327 496 4426 existimo,
512 4327 613 4402 illum
634 4352 731 4404 nunc
744 4352 832 4430 erga
847 4325 1090 4406 meaffeetam
1108 4327 1271 4429 ostende,
1283 4351 1324 4406 ut
1338 4328 1519 4410 defidetio
1536 4328 1698 4434 Agapeti
1709 4343 1894 4428 petreum

233 4428 271 4503 dt
283 4429 458 4503 auxilium
477 4427 515 4500 dt
528 4425 717 4502 consilium
732 4425 883 4505 satisfiat.
962 4425 1081 4531 Qiod
1098 4425 1126 4504 fi
1148 4451 1185 4508 te
1199 4455 1239 4510 ea
1253 4438 1291 4510 in
1311 4454 1351 4506 re
1367 4427 1552 4508 difficilem
1570 4452 1647 4506 non
1673 4428 1892 4528 praebueris,

232 4545 456 4628 omnemque
473 4545 573 4602 tuam
590 4523 818 4628 indidltiam,
843 4525 977 4629 fidem,
1001 4547 1127 4610 cutam
1149 4532 1192 4639 in,
1203 4532 1277 4636 hoc
1293 4533 1449 4635 negotia
1462 4527 1563 4614 rusie
1577 4525 1894 4706 mundoinppen·

1806 4651 1890 4732 ens,
