3908 5230
357 278 443 385 Cap,
464 277 526 363 tn.
551 243 615 360 De
630 247 779 386 'lingua
803 281 937 362 Latina
953 281 1153 362 Aiitoribiis
1180 291 1302 370 Aurea
1317 293 1465 374 AEiitti's.
1649 311 1722 404 837

72 447 362 728 Dicendum
384 475 481 527 niinc
499 447 866 528 dehucronistis
891 451 1081 528 Larinas
1103 455 1305 556 Liuoun,
1331 485 1536 570 eorumque
1564 469 1714 568 optimis
1737 483 1755 534 1

218 548 449 648 editionibus,
472 573 566 650 quos
597 549 695 626 nolle
717 553 945 652 praecipuum
969 551 1047 626 stine
1063 551 1124 652 est,
1151 579 1357 656 quanquam
1380 583 1509 640 omnes
1536 567 1716 646 editiones

217 651 398 725 cumulare
418 651 511 726 velle
528 649 899 752 ineptilhmumforet.
947 651 1167 745 Jamdudum
1185 653 1258 729 hoc
1271 681 1528 760 argumentum
1537 667 1636 743 Viris
1651 665 1717 743 do.

217 747 374 825 &illimis
395 749 429 824 d'
462 775 550 825 num
566 748 683 824 visum
703 747 764 848 est,
782 747 885 846 quod
907 749 976 826 suis
998 756 1367 834 commentationibus
1382 756 1603 840 illustrarent.
1656 765 1716 844 De
1832 765 1836 771 '

70 851 219 948 antiquis
237 847 425 946 quideme
453 849 627 935 itionibus¹
640 847 776 938 consuli
788 874 871 923 cunt
887 847 1007 925 fruita
1027 849 1175 952 possunt
1195 851 1310 930 Conr.
1333 856 1528 959 Gesnerus,
1552 863 1590 939 δι
1615 863 1717 942 Con.

70 953 263 1028 tinuatores
279 948 366 1046 ejus,
380 947 451 1043 Jos
468 947 640 1022 Simlerus
655 948 691 1022 di
707 948 791 1040 Joh.
805 946 874 1041 Jac.
890 949 1034 1048 Frisius,
1055 952 1092 1026 in
1105 949 1352 1031 Bibliotheca:
1375 976 1485 1056 atque
1509 960 1612 1037 Istael
1631 964 1718 1064 Spa·

69 1051 167 1125 chius
184 1051 221 1124 in
234 1047 528 1124 Nomenclatore
544 1047 773 1146 Scriptorum
793 1045 1138 1149 philosophicorum
1159 1051 1196 1127 di
1215 1051 1542 1160 Philologicotum,
1560 1061 1716 1165 Argent.

73 1165 171 1242 159&
187 1152 224 1224 in
243 1163 276 1230 8.
295 1145 405 1223 edito.
456 1145 640 1222 Aunores
654 1145 751 1246 ipsos
795 1147 915 1226 lurimi
929 1172 1239 1227 commemorant:
1265 1157 1447 1229 Hadrioius
1460 1164 1632 1234 cardinalis
1653 1161 1717 1260 (se-

69 1271 151 1324 cuto
172 1244 255 1348 poll
270 1269 441 1346 tempore
456 1248 530 1343 ejus
545 1248 704 1325 nominis
722 1171 791 1318 Vl?
804 1245 1003 1346 Pontifex,)
1019 1251 1055 1322 in
1080 1249 1338 1352 elegantilsimo
1360 1255 1405 1330 de
1422 1257 1552 1335 Latino
1573 1259 1718 1338 Sermo·
1758 1295 1763 1310 c

66 1373 109 1422 ne
123 1347 442 1442 commentariolo,
459 1369 571 1444 quem
584 1343 649 1420 suo
673 1344 719 1418 de
737 1343 865 1420 Modis
881 1347 1006 1422 Latine
1024 1347 1199 1446 loquendi
1220 1349 1314 1427 libro
1331 1355 1503 1458 prefixit,
1520 1359 1557 1435 di
1580 1363 1616 1434 in
1639 1386 1716 1458 quo

65 1446 271 1524 Audiotum
287 1445 324 1518 ‘in
338 1465 451 1519 certas
465 1466 585 1520 aetates
600 1443 799 1518 divisorum
824 1443 1022 1520 dictionem
1043 1469 1203 1524 accurate
1220 1458 1417 1530 examinat:
1444 1459 1553 1528 franc.
1576 1453 1719 1531 Floridus'

63 1545 202 1630 Silium,
221 1546 284 1642 qui
308 1545 346 1618 in
368 1544 640 1619 calumniatores
661 1541 779 1618 Plauti
799 1541 903 1619 simul
929 1543 967 1619 bt
988 1546 1144 1620 aliorum
1165 1548 1302 1626 Latinae
1322 1553 1371 1628 lin
1403 1579 1458 1629 ute
1482 1555 1714 1658 Scriptorum

64 1645 291 1747 Apologiam
306 1641 453 1744 scripsit,
468 1639 569 1718 nani.
589 1665 694 1740 1540.
712 1641 866 1716 editam?
887 1643 1055 1742 Balthasar
1079 1647 1279 1742 Cisii'li'oncun
1305 1649 1344 1725 P.
1373 1578 1401 1726 ἰ
1422 1653 1542 1729 Aulici
1568 1654 1620 1732 sui
1643 1659 1717 1731 ve.

63 1748 170 1820 netlis
194 1757 293 1838 1587·
334 1743 459 1817 Italico
473 1741 640 1816 sermone
664 1739 800 1816 excusi:
827 1744 944 1814 Ludov.
961 1745 1102 1817 Vinciin
1121 1747 1187 1819 Tr.
1208 1746 1254 1820 de
1269 1747 1491 1851 Disciplinis:
1515 1757 1625 1828 Diioi'd
1636 1759 1714 1852 cip·

62 1862 159 1916 traeus
178 1845 215 1916 in
237 1840 297 1916 lib.
320 1837 366 1916 de
384 1841 538 1916 Ratione
552 1839 734 1936 Discendi,
750 1841 787 1916 di
805 1839 934 1915 ordine
955 1839 1156 1918 studiorum
1172 1846 1209 1918 in
1234 1843 1382 1960 singulis
1406 1844 1600 1953 disciplinis
1620 1853 1717 1930 insti.

61 1941 223 2016 tuendo:
262 1946 422 2039 Degoreui
446 1940 563 2024 libeat,
579 1941 616 2013 in
636 1937 905 2014 Reledionibus
925 1939 1165 2042 Hyemalibus
1179 1942 1225 2019 de
1241 1967 1381 2024 ratione
1401 1950 1438 2026 ἃ
1462 1952 1644 2028 methodo
1666 1955 1715 2030 le.

59 2040 177 2154 gendi
198 2060 368 2134 utrasque
382 2035 559 2136 historias,
576 2035 713 2114 Civiles
730 2037 767 2114 dt
783 2036 1055 2135 Ecclesiasticas3
1080 2040 1207 2118 Oxon.
1227 2061 1294 2120 162
1301 2072 1331 2144 5.
1349 2049 1387 2124 di
1408 2063 1509 2148 ¹⁶35·
1536 2051 1653 2151 edida,
1676 2053 1715 2130 dt

59 2165 97 2214 in
111 2139 312 2218 Germania
328 2121 551 2212 NoribffAn.
574 2141 675 2212 1660.
695 2139 731 2211 in
753 2163 806 2212 12.
826 2161 972 2212 curante
989 2137 1202 2256 Christoph.
1227 2144 1413 2246 Arnoldo,
1434 2147 1582 2228 reculis:
1608 2153 1715 2225 salii.

56 2241 244 2335 Bonifatius
258 2239 294 2310 in
313 2233 471 2311 Historia
485 2235 650 2334 Ludicra,
670 2236 729 2310 lib.
744 2237 825 2311 XV.
852 2263 880 2310 c.
907 2252 978 2324 2·8·
1005 2238 1066 2313 ubi
1090 2239 1152 2315 dili
1182 2266 1285 2319 enter
1307 2249 1404 2322 varia
1427 2246 1715 2328 deductoribus
1836 2281 1839 2286 ·

58 2340 205 2412 Latinis
221 2335 312 2411 colle
341 2338 386 2410 it:
411 2361 616 2434 quanquam
628 2335 703 2434 jain
722 2357 825 2410 antea
842 2361 993 2436 quoque
1012 2353 1117 2440 1627,
1166 2343 1291 2417 enetiis
1306 2343 1351 2417 de
1368 2345 1543 2422 Romanae
1558 2345 1717 2425 historiae

54 2435 312 2538 Scriptoribiis
358 2457 507 2536 xcetpta
522 2433 676 2528 dederit,
694 2434 908 2508 Helmstadii
924 2439 967 2508 A.
988 2445 1092 2524 167i.
1119 2463 1267 2514 curante
1287 2441 1370 2535 Joh.
1396 2445 1530 2522 Ebeth.
1546 2446 1716 2524 Busman.

55 2534 619 2714 iiiiii-‘illluiiilhii‘
634 2530 715 2705 1st
717 2535 953 2707 ililllll
968 2533 1336 2732 hildilid:
1351 2547 1489 2714 ilii
1489 2545 1599 2714 ·⁰''·cl‘⁰
1617 2549 1714 2714 ‘iil‘

58 2740 145 2810 cliiii:
159 2739 198 2809 in
215 2731 422 2808 recensione
443 2689 648 2806 Audotu'm
663 2731 888 2826 Latinorum,
913 2753 1115 2826 eorumque
1139 2663 1715 2836 e'ditionum,pquam'sedepcennis
1845 2805 1851 2816 ,

57 2837 181 2911 adhuc
193 2831 480 2910 adolescentulus
499 2828 670 2926 ediderat,
686 2827 746 2902 sed
767 2829 866 2924 cujus
889 2827 1116 2903 senemadeo
1141 2854 1215 2903 non
1239 2836 1421 2935 ptenituit,
1448 2857 1489 2912 ut
1509 2839 1546 2913 in
1565 2838 1711 2914 Adver-

58 2936 240 3011 sariorum
258 2935 369 3032 Opus
385 2930 445 3004 lib.
460 2931 500 3004 L.
518 2953 546 3003 c.
563 2955 595 3016 9.
618 2953 766 3002 omnem
790 2925 1072 3004 transscribetet:
1098 2932 1191 3000 Olaus
1212 2935 1394 3008 Borri'chi‘us
1415 2941 1454 3014 in
1472 2935 1714 3014 Cooitationi·
1733 3001 1739 3015 ‚

57 3036 147 3112 bus:
174 3034 262 3132 Joh.¹
273 3037 372 3104 ilenr.
387 3033 541 3102 Boeclirus
562 3029 598 3103 in
610 3028 734 3102 libello
752 3025 797 3102 de
815 3027 1061 3128 Scriptoribus
1078 3027 1219 3106 Graccis
1237 3031 1272 3108 di
1287 3033 1439 3132 Latinis:
1462 3005 1562 3115 utdi
1586 3036 1715 3115 Diller·

57 3131 270 3232 tationede
291 3131 510 3228 Eloquentia
526 3127 653 3204 Civili:
681 3135 778 3200 chr.
792 3130 864 3226 Jul.
878 3127 1056 3234 Schcurliiis
1079 3131 1116 3206 in
1132 3130 1253 3206 Statua
1277 3133 1501 3214 Mercuriali:
1527 3143 1594 3210 Vni,
1617 3144 1715 3211 Hm,

59 3233 270 3336 Vodgcrutiti
282 3227 560 3307 introductione
577 3230 613 3302 in
628 3229 810 3304 Notitiam
824 3226 1067 3326 Scriptorum,
1083 3253 1192 3326 quam
1212 3229 1307 3306 haud
1322 3235 1371 3308 ita
1392 3237 1537 3335 pridem
1566 3239 1636 3312 Vir
1658 3239 1714 3312 Cl.

56 3331 179 3409 Hent.
200 3330 426 3405 Meibomius
440 3353 545 3405 novo
560 3325 806 3404 additamento
821 3323 959 3400 audam
969 3328 1120 3426 prodite
1136 3325 1245 3418 iussit:
1269 3335 1373 3404 Miri.
1390 3339 1548 3406 chciiui
1562 3339 1598 3410 in
1612 3338 1716 3410 Libb.

56 3431 212 3510 duobus
236 3427 441 3504 tenerum
454 3427 704 3503 Romanarum
718 3425 984 3526 scriptoribus:
1009 3431 1070 3498 iio
1084 3429 1214 3498 Adstitit
1236 3428 1272 3502 in
1287 3428 1353 3505 Tr.
1368 3429 1415 3506 de
1430 3431 1626 3510 Erroribus
1646 3459 1719 3509 ma.

54 3553 231 3634 gnorunt
247 3530 460 3606 virorumin
478 3527 669 3602 dicendo:
686 3529 795 3598 Franc.
816 3523 962 3698 Vioplpr
975 3526 1012 3598 in
1028 3523 1126 3600 libris
1142 3524 1188 3600 de
1205 3524 1376 3605 Distione
1387 3531 1552 3632 Ludicra,
1569 3532 1615 3607 de
1632 3532 1720 3636 Epi-

103 3649 281 3726 ammete,
295 3625 468 3722 alibique:
492 3629 608 3703 Melch.
624 3627 808 3723 Inchosmir
830 3625 866 3697 in
932 3620 1052 3700 'storia
1071 3624 1205 3726 lingue:
1221 3626 1375 3704 Latinae:
1402 3637 1506 3704 Mart.
1524 3636 1660 3706 Zei'lcriis
1679 3635 1718 3709 in

73 3729 187 3806 ndice
212 3724 506 3801 Historicorum:
529 3726 634 3821 cirin
661 3732 814 3797 Daumius
833 3725 870 3798 in
893 3722 952 3798 lib.
982 3722 1028 3798 de
1045 3721 1189 3800 Amissis
1211 3726 1391 3804 radicibus
1410 3730 1545 3832 linguae
1563 3731 1717 3806 Latinae:

57 3829 156 3902 Gabr.
176 3828 335 3902 Naudam
350 3825 388 3900 in
406 3822 554 3926 epistola
597 3823 724 3899 uadam
743 3823 789 3898 de
807 3821 924 3898 studio
942 3822 1194 3899 humanitatis:
1220 3828 1329 3898 irriti.
1349 3833 1501 3900 Mortuus
1518 3835 1657 3924 Viiyerus
1680 3834 1719 3904 in

57 3929 240 4028 peculiari
255 3924 419 4022 quodam
434 3847 623 4024 Opuscdo
640 3921 687 3997 de
700 3921 891 3998 Historicis
906 3922 1060 3998 Latinis:
1083 3921 1146 4021 (ἃ,
1160 3945 1201 3998 ut
1212 3924 1299 4000 alios
1323 3951 1420 4032 nunc
1443 3947 1632 4025 taceamus,
1654 3955 1721 4002 nu·

56 4025 329 4126 pertime'Joli.
358 4019 425 4098 Alb.
448 4021 604 4098 sainna:
623 4024 662 4100 in
692 4019 957 4128 diligentissima
981 4020 1210 4098 Bibliotheca·
1230 4023 1366 4124 Latina,
1384 4025 1597 4128 Hamburgi
1627 4025 1721 4102 edita

63 4133 174 4224 1⁶97·
191 4125 233 4203 in
252 4123 302 4222 8·)

151 4315 276 4401 'Prius
293 4343 399 4420 vero,
423 4343 533 4420 quam
552 4318 597 4397 ad
616 4317 804 4424 specialem
829 4317 1076 4398 recensionem
1097 4319 1337 4422 ipsorummet
1361 4307 1573 4395 Ausiorum¹
1594 4345 1761 4425 perga-2

57 4447 157 4524 mua,
182 4447 297 4526 pauca
318 4422 434 4498 solum
456 4423 680 4524 generaliora
701 4419 748 4497 de
770 4419 990 4497 editionibus
1010 4445 1051 4496 ac
1074 4419 1122 4494 de
1148 4419 1312 4495 aetatibus
1341 4419 1604 4521 ptaemonenda
1629 4419 1721 4497 stitit.

57 4523 275 4623 Nimirum,
300 4545 509 4624 quanquam
533 4523 778 4634 recentiorum
794 4521 916 4694 {pige
937 4519 1100 4620 plurium
1136 4516 1320 4599 editorum
1347 4542 1388 4598 ea
1413 4520 1488 4596 leus
1520 4515 1648 4699 siqnip,
1670 4520 1723 4698 pel}

334 4661 340 4674 ,
783 4702 787 4709 ,
845 4643 905 4698 un
930 4643 989 4697 nn
1014 4643 1034 4720 3
1630 4647 1669 4724 gi
