3970 5236
596 257 681 364 sip.
708 251 840 354 hiDe
861 247 1242 362 curriculostiolasticr.
1325 245 1386 310 ‘,
1523 250 1560 356 s,
1671 283 1750 362 45t
1845 199 1850 216 ἱ

123 483 126 488 t
150 427 378 608 pdetnmodo
419 429 619 522 eonvenite
661 427 824 530 videtur,
854 429 920 529 qui
952 427 990 509 or
1019 425 1096 530 ipse
1126 427 1188 506 sex
1219 425 1320 508 amris
1352 423 1557 506 scholastica
1588 425 1743 512 absolvit
1806 495 1808 507 .

176 558 217 608 ta.
1050 565 1054 574 ·
1160 573 1169 584 ·

192 659 338 736 Minori
357 682 538 736 annorum
556 679 711 736 numero
728 655 905 735 Castra
926 657 1163 734 Seronatus
1191 677 1384 758 contentus
1400 658 1459 736 eil.
1532 661 1568 738 ls
1588 662 1686 747 enim
1704 661 1743 736 in
1756 654 1806 732 26
1878 647 1880 668 “

96 757 266 858 consulta
278 761 317 832 de
329 760 466 833 Scholar.
480 755 523 833 t!
536 760 721 830 Stadios-run
737 768 859 832 rarione
872 775 1030 856 quantor
1043 757 1185 836 tantum
1198 781 1314 856 annos
1330 754 1495 858 requirit,
1510 750 1642 860 quibui
1666 783 1745 836 non

97 857 213 936 modo
225 861 391 935 Latinam
405 857 567 934 linouam
584 856 704 960 probe
716 857 931 960 intelligant,
961 855 1000 934 dt
1023 883 1107 932 cum
1126 858 1387 934 Grammaticae·
1403 853 1550 961 tegnlis,
1576 881 1656 936 tum
1679 859 1746 934 do·

10 1005 11 1008 =
98 957 244 1036 &orum
263 925 515 1035 consuetudini
536 983 606 1033 con
638 976 784 1032 menter
806 957 933 1032 Latine
963 955 1126 1055 scribant,
1155 956 1344 1032 sedetiam
1366 957 1556 1058 Logicam,
1576 959 1746 1036 Rhetori-

96 1083 186 1157 cam,
201 1055 405 1159 physicam,
423 981 728 1158 Metaphyiictm,
749 1054 824 1142 hoc
845 1055 996 1230 atepplius
1016 1077 1139 1132 autem
1161 1055 1301 1132 Ethicae
1324 1057 1362 1131 dt
1385 1055 1546 1133 Politicae
1569 1057 1745 1134 elementa

98 1155 297 1252 addisctn13
320 1155 380 1254 fic,
393 1178 435 1233 ut
448 1155 572 1232 idonei
586 1153 666 1251 sint,
719 1155 758 1228 ui
776 1152 870 1229 Ptof
912 1153 1038 1232 oribus
1055 1153 1296 1254 Academicis,
1312 1153 1597 1257 Philosophiam,
1618 1157 1747 1234 Theo·

1755 1247 1758 1257 t

1739 1305 1740 1312 r

97 1259 243 1360 logium,
261 1254 591 1357 jurisprudentiam
614 1253 653 1329 dt
718 1251 892 1328 edicinam
913 1253 1138 1354 docentibus,
1153 1255 1294 1353 multo,
1320 1279 1431 1354 quam
1456 1257 1524 1352 alii,
1545 1257 1674 1333 melius
1704 1256 1745 1333 dt
1867 1267 1876 1288 ‘
1973 1355 1974 1384 ἦ

10 1407 12 1426 ,
97 1353 314 1432 mehrofius
333 1379 485 1456 opernm
503 1353 591 1428 date
635 1348 750 1427 offint.
827 1357 850 1402 ὓ
872 1355 1016 1428 Verum
1038 1349 1103 1428 ista
1123 1355 1162 1428 in
1188 1351 1340 1430 homine
1366 1353 1610 1454 provesiiotis
1632 1359 1807 1449 aetatisn

94 1457 155 1530 'vel
171 1453 296 1531 saltem
311 1453 580 1531 adolescentee
620 1451 952 1548 ciquodammodo
1003 1449 1077 1527 osse
1093 1475 1171 1528 nott
1193 1455 1423 1555 negaverim3
1446 1456 1483 1528 in
1498 1458 1634 1556 pueris,
1653 1481 1746 1553 quo·

96 1579 178 1632 rum
196 1555 387 1656 ingenium
402 1555 445 1629 iis
463 1549 585 1628 studiis
600 1571 728 1652 aptum
747 1551 899 1648 nonest,
914 1477 1047 1626 arieti
1062 1549 1262 1650 poffit,vix
1276 1549 1517 1628 concesserim.
1568 1557 1624 1631 Ut
1646 1557 1748 1631 enim

97 1657 133 1730 in
147 1655 284 1756 linguis
299 1653 397 1729 sorte
410 1649 630 1752 compendia
645 1648 814 1748 quadam
835 1676 920 1732 cunt
970 1652 1065 1726 ueris
1086 1647 1221 1727 institui
1242 1649 1388 1751 possint,
1415 1655 1454 1727 in
1477 1652 1629 1730 scientiis
1649 1677 1745 1730 vero

10 1827 12 1844 ,
98 1753 302 1828 maturiore
308 1750 446 1850 judicio
461 1773 559 1856 opus
570 1747 640 1844 est3
665 1747 865 1847 praesertim
885 1751 924 1824 in
936 1676 1075 1829 iureis
1092 1748 1131 1825 dt
1144 1749 1317 1852 politicis,
1333 1775 1495 1852 quorum
1510 1753 1667 1834 idoneos
1681 1771 1749 1832 au·
1880 1753 1892 1766 '

10 1851 12 1908 ³
79 1849 321 1946 'ditoreselse
336 1854 490 1950 juvenes
517 1851 667 1951 negavit
687 1847 914 1926 Aristoteles.
990 1905 993 1916 .

194 2019 241 2094 In
268 2021 392 2123 lingua
411 1996 764 2096 Latinaaddiscenda
787 2011 1147 2120 compendiosiorem
1167 2007 1234 2094 stbi
1256 2019 1367 2098 'viam'
1383 2019 1555 2100 invenisse
1579 2020 1806 2122 vismolin
1929 2100 1932 2112 ,

10 2175 11 2222 t
97 2124 456 2221 Wotrrosueus
481 2115 745 2218 Rtrtcntus,
769 2141 851 2216 quae
866 2142 945 2214 non
966 2115 1236 2196 contemnenda
1257 2121 1409 2222 quidem
1431 2121 1592 2226 videtur,
1623 2128 1747 2206 modo

97 2222 338 2325 ejuslperitiae
360 2217 398 2296 dt
420 2217 603 2319 patientiae
630 2217 903 2318 Praeceptotem
933 2220 1015 2316 quis
1040 2217 1192 2298 nancisci
1221 2219 1342 2322 potiit,
1362 2247 1472 2322 quarn
1494 2225 1553 2302 ille
1580 2230 1745 2325 requirit.
1812 2211 1826 2280 '-

10 2367 12 2414 ;
95 2329 116 2372 *
139 2324 309 2414 Primum
322 2313 550 2396 vernaculam
567 2315 612 2392 ali
640 2341 721 2392 uam
734 2318 897 2495 linpguam
912 2313 1178 2492 presupponit,
1192 2346 1264 2420 qua
1277 2324 1389 2398 anitni
1403 2323 1453 2398 sui
1469 2321 1562 2401 sensa
1581 2350 1745 2408 commo·
1756 2337 1807 2408 29

97 2423 200 2500 deest
232 2425 473 2520 timetepuer
489 2413 612 2518 possit,
652 2416 765 2493 'cin
806 2443 906 2520 ugus
950 2419 1215 2592 atinaAEuerum
1229 2421 1489 2501 informaturus
1502 2425 1620 2502 literas
1636 2425 1747 2522 docet

10 2557 11 2580 r
97 2545 174 2602 tum
202 2521 399 2621 captione,
413 2539 493 2592 tum
506 2517 711 2615 viva-voce,
735 2519 931 2614 citumque
954 2539 1044 2616 pote
1094 2527 1169 2593 tem
1195 2523 1363 2620 explicat,
1387 2527 1746 2622 pronunciationem-

10 2659 12 2690 t
98 2648 167 2722 que
199 2620 377 2722 exprimit
421 2639 546 2692 earum
569 2611 693 2716 polleo
721 2617 992 2690 connexionem
1024 2615 1392 2716 &Syllabisationem
1422 2643 1501 2696 tum
1531 2626 1616 2699 viva
1638 2649 1747 2729 voce,

97 2747 172 2798 tum
186 2719 326 2821 scripto
342 2675 516 2794 ollendit:
537 2713 669 2812 quibus
684 2711 850 2815 peradiis,
868 2711 983 2788 sittim
1000 2716 1039 2790 in
1052 2741 1202 2790 manum
1216 2715 1399 2794 Autorem
1423 2719 1599 2796 idoneum
1626 2724 1746 2826 sumit,
1851 2757 1852 2762 ¹
1882 2735 1883 2738 ’

10 2847 11 2858 ¹
98 2821 156 2898 sed
180 2821 346 2916 unicum,
373 2841 402 2892 e
416 2839 454 2918 g.
511 2813 679 2905 Terentii
708 2811 932 2891 Comoedias.
1008 2813 1070 2886 Ab
1091 2815 1196 2891 initio
1223 2841 1258 2911 4.
1281 2817 1340 2890 vel
1362 2843 1391 2911 5.
1412 2816 1628 2914 lesiionibus
1651 2847 1747 2903 voce

10 2931 11 2934 ‘
100 2917 291 2998 tardissime
308 2919 346 2994 dt
361 2911 459 3014 quast
476 2909 675 2989 semifraiia
696 2911 870 3014 discipulo
892 2911 1010 3014 prurit,
1034 2915 1098 3012 qui
1119 2911 1292 3014 oculis&
1311 2915 1429 3006 animo
1453 2943 1681 3018 preeuntem
1696 2923 1745 3000 se-
1828 2949 1829 2954 ‘

99 3023 234 3120 quitur,
257 3040 367 3114 atque
383 3018 430 3092 ita
450 3013 668 3090 inconcinna
678 3013 937 3112 pronunciatio
954 3009 1098 3088 silentio.
1111 3009 1305 3114 devitantr,
1316 3015 1443 3094 donec
1469 3017 1592 3094 crebra
1608 3021 1747 3108 Praece-

97 3123 216 3220 ptoris
242 3115 430 3192 iteratione
454 3113 633 3194 concinna
657 3107 839 3188 reddatur.
914 3111 1015 3186 Nam
1040 3108 1275 3214 Praeceptote
1294 3113 1436 3192 absente
1459 3121 1580 3194 omnis
1608 3108 1755 3220 priva'tt'¹
1826 3159 1829 3168 ·

98 3219 271 3321 repetitio
287 3213 437 3292 discenti
449 3209 639 3292 interdidia
659 3207 718 3286 est.
767 3206 1011 3306 Postmodum
1026 3211 1101 3312 ipsa
1122 3213 1310 3314 praelesiio
1328 3215 1393 3289 hac
1416 3217 1597 3296 methodo
1646 3209 1747 3300 rocess

98 3319 163 3418 dit,
179 3303 222 3394 tit
241 3343 273 3395 1.
285 3313 426 3390 summa
436 3309 567 3387 futurae
578 3307 754 3412 ‘lesiiorris
767 3309 965 3386 luculenter
978 3311 1103 3424 lingua
1114 3315 1252 3389 notiori
1270 3337 1510 3413 proponatur.
1562 3343 1595 3395 2.
1615 3247 1745 3402 ilecto

98 3419 267 3518 sequatur
283 3409 446 3489 hsttntta
469 3411 507 3485 dt
523 3409 720 3522 perspicua,
735 3410 855 3510 probe
869 3407 1065 3485 observans
1080 3413 1272 3496 commatis
1291 3413 1328 3488 dc
1355 3413 1510 3513 punc‘iis.
1561 3445 1593 3513 3.
1618 3419 1746 3524 Eupo.
1796 3433 1816 3486 ·.
1914 3451 1916 3456 ·

99 3517 179 3596 fitio
196 3515 258 3592 seu
274 3515 368 3589 inter
397 3509 525 3588 retatio
548 3510 657 3612 ipsius
673 3532 802 3586 textus.
850 3534 885 3604 4.
907 3507 1051 3586 Tentus
1073 3507 1221 3589 retestio
1239 3511 1277 3586 dc
1306 3536 1346 3612 re
1376 3515 1459 3598 etita
1483 3507 1744 3627 interpretatio.

99 3614 271 3694 Terentii
289 3609 350 3687 sex
370 3537 455 3690 lunt
477 3605 703 3686 Comcediae:
739 3606 887 3712 singulis
909 3607 1201 3686 hebdomadibus
1224 3635 1334 3686 unam
1346 3538 1567 3716 itaeceptor
1581 3617 1746 3722 absolvit,

101 3715 151 3794 fin
223 3713 230 3728 '
267 3709 410 3810 diebus,
426 3713 503 3784 imo
527 3705 675 3820 lingulis
695 3711 800 3785 unius
827 3707 899 3784 diei
922 3706 1024 3784 horis
1040 3705 1179 3783 Allium
1201 3731 1334 3809 totum,
1363 3733 1403 3788 ut
1426 3709 1554 3812 sabulae
1576 3719 1745 3800 natatus

100 3842 144 3893 co
269 3834 295 3912 t,
313 3805 560 3888 &intelletiui
575 3805 719 3883 ltstatut.
768 3803 979 3910 Praeceptor
1021 3808 1116 3882 rimo
1132 3805 1221 3910 legit
1236 3809 1431 3912 periodum
1446 3809 1636 3918 integram,
1650 3818 1751 3898 dein-

102 3913 148 3990 de
161 3933 346 3990 commata
367 3906 464 3984 istius
481 3905 626 4010 periodi
644 3905 767 3982 denuo
786 3907 887 4010 legit,
903 3908 942 3983 dt
1006 3907 1182 3982 ermonice
1195 3909 1462 4012 interpretatur,
1473 3911 1519 3990 ad
1532 3913 1671 3990 sensum
1695 3919 1749 3995 so-

100 4015 191 4114 lum,
210 4037 290 4088 non
304 4008 351 4084 ad
366 4002 674 4085 construsiionem
695 4006 898 4108 respiciens,
917 4029 1026 4106 atque
1048 4007 1096 4082 ita
1111 4001 1156 4080 ad
1179 3999 1293 4084 finem
1312 4009 1442 4086 Asius:
1513 4011 1611 4116 Qtae
1628 4017 1750 4116 ptime

102 4111 272 4190 Terentii
285 4105 472 4211 proelestio
489 4103 579 4181 nihil
595 4103 692 4180 aliud
710 4103 864 4207 praestat,
884 4131 995 4204 quam
1013 4129 1055 4183 ut
1072 4105 1265 4210 discipulus
1295 4105 1323 4184 ι’.
1345 4111 1472 4188 Latine
1490 4112 1525 4186 le
1552 4137 1612 4188 ere
1632 4101 1752 4220 discat,

102 4239 136 4288 2.
149 4203 531 4292 summam&sensum
549 4205 662 4282 totius
681 4205 833 4284 Autoris
846 4205 1006 4284 imbibat.
1055 4205 1108 4282 At
1135 4229 1182 4282 ue
1197 4208 1244 4286 ita
1268 4207 1329 4284 sex
1345 4205 1527 4287 hebdomo
1555 4211 1635 4291 ‘bus
1650 4236 1763 4294 totus-
1796 4265 1801 4276 ,

104 4311 305 4388 Terentius
322 4305 531 4404 absolvitur,
547 4303 603 4410 bis
619 4326 722 4381 terve
735 4305 775 4380 in
792 4329 862 4381 una
877 4305 971 4396 hora
986 4331 1062 4382 nno
1075 4306 1111 4380 Α
1191 4313 1360 4412 repetito,
1377 4308 1416 4384 dt
1435 4303 1652 4414 dieSaturni,
1671 4297 1761 4418 plu-i
1788 4319 1790 4324 ’

107 4410 211 4491 tibus
223 4407 340 4506 horis,
355 4426 432 4482 tota
446 4403 649 4484 Cotntedia.
698 4395 806 4479 Nihil
822 4428 913 4482 vero
928 4404 1100 4484 hasienus
1116 4405 1162 4484 de
1180 4406 1426 4484 Grammatico
1442 4407 1634 4512 discipulus
1654 4416 1751 4494 audi-

106 4512 174 4588 tir.
226 4505 366 4594 Alteris
385 4504 445 4588 sex
456 4503 748 4612 hebdomadibus
759 4503 957 4588 Terentius
973 4505 1096 4584 denuo
1113 4504 1157 4586 ab
1173 4507 1275 4588 initio
1290 4507 1336 4587 ad
1350 4505 1462 4590 linem
1475 4509 1619 4614 eodem
1633 4515 1751 4616 modo

927 4603 1044 4688 Lllz
1119 4667 1121 4670 -
1637 4637 1754 4726 expos
