3984 5234
507 371 511 378 Ι
590 269 672 372 Cap.
708 265 789 352 Vll.
839 263 899 348 De
923 263 1093 390 methodis
1116 273 1243 354 variis.
1459 289 1463 298 '
1668 287 1743 386 399

89 457 166 548 tum
180 431 312 518 habere
328 433 446 513 tradit.
499 436 732 613 Qpamsuam
750 437 962 518 sententiam
975 463 1016 518 ut
1030 424 1200 541 stabiliat,
1236 441 1293 516 SS.
1307 439 1493 518 literamm
1550 436 1681 516 Galeni
1696 437 1738 517 &

86 534 321 708 Hippocratis
335 539 525 614 autoritate
553 563 633 640 aepe
647 537 816 616 abutitur.
866 541 1022 640 Ratione
1043 543 1165 640 itaque
1190 543 1301 618 totius
1321 499 1559 618 macrocosmi
1578 538 1736 616 morbos

86 633 162 707 dtvt
189 655 215 708 tt
227 659 265 708 tn
280 657 493 738 empyreos,
510 639 702 740 aethereos,
719 641 966 741 elementareS,
984 642 1022 714 in
1035 640 1188 744 plagase
1218 642 1425 718 tentrionali
1443 662 1668 742 procreatos,
1683 661 1735 715 te·

86 731 255 809 nebrosos
272 757 319 807 ex
334 735 443 838 plaga
454 737 666 814 occidentali
682 762 798 839 ortos,
814 741 1138 842 praetemunt-ales,
1150 668 1333 838 athuosm,
1345 739 1390 816 ad
1433 741 1549 841 sagam
1563 736 1734 814 meridio-

83 831 417 934 nalemspestautes.
469 835 598 914 Causas
608 836 832 916 morborum
848 839 1036 956 plerasque
1050 859 1215 916 externas
1227 839 1330 939 facit,
1355 863 1375 912 a
1404 842 1578 916 eminatio
1594 857 1734 914 meteo²

83 957 206 1008 rorum
226 933 264 1008 ὃ(
278 957 298 1034 a
311 933 430 1012 vitius
446 938 594 1013 ratione.
696 937 758 1014 Tu
773 939 864 1014 mihr
886 939 972 1016 vide
993 938 1158 1040 lepidum
1173 936 1438 1016 illudsanitatis
1451 940 1732 1034 munimentum,

85 1031 180 1130 quod
197 1031 265 1104 lihr.
293 1062 334 1122 4..
349 1037 474 1131 ll‘iysler.
498 1035 647 1110 Moriar:
666 1039 812 1138 extruit,
832 1039 897 1114 ubi
918 1039 956 1115 dt
979 1036 1168 1114 daemones
1185 1039 1407 1115 morborum
1425 1035 1640 1112 architestos
1662 1061 1734 1112 una

85 1157 160 1206 cum
176 1131 261 1235 ipfis
276 1132 416 1208 morbis
435 1134 621 1239 depingit3
643 1137 774 1236 quibus
794 1135 1044 1241 adjunguntur
1064 1139 1171 1213 etiam
1194 1137 1332 1240 Angeli
1355 1133 1573 1237 ἀλεξίκακοι,
1601 1158 1730 1211 omues

82 1229 286 1309 nominibus
301 1231 370 1306 suis
384 1237 563 1336 appellati.
617 1241 636 1284 *
661 1235 810 1338 Scripsit
824 1240 931 1312 etiam
944 1237 1090 1336 librum,
1105 1239 1163 1312 cui
1175 1237 1319 1314 titatlus:
1345 1235 1640 1336 utriufipue'cofhn,
1664 1259 1729 1306 ma
1747 1239 1799 1314 66

77 1338 148 1445 joir
162 1329 208 1406 fis
220 1340 359 1416 minoris,
374 1337 600 1436 Metaplnsca,
615 1337 740 1510 Pindaro
754 1333 798 1412 bs
817 1337 988 1429 Tpchnica,
1019 1337 1085 1412 ubi
1110 1335 1236 1438 positis
1257 1335 1307 1411 ob
1336 1335 1465 1410 oculos
1491 1331 1728 1422 schematibus
1876 1329 1879 1346 “

82 1429 188 1532 ipsum
203 1457 301 1532 opus
317 1435 507 1509 creationis
518 1433 660 1510 ¹demon
691 1435 929 1514 tarelabotat.
978 1436 1098 1512 Multa
1112 1459 1262 1534 quoque
1277 1435 1323 1510 de
1347 1431 1485 1510 Musica
1512 1433 1729 1508 mundanae

83 1527 331 1612 Monochordi
346 1535 656 1636 contemplatione
669 1535 960 1646 philosophatur.
1008 1535 1067 1615 De
1082 1535 1213 1637 quibus
1230 1532 1401 1614 oumibus
1415 1531 1505 1610 alibi·
1512 1532 1628 1635 plura.
1705 1529 1706 1534 ‘

97 1833 105 1850 ο
150 1732 243 1850 ‚Sed
259 1737 443 1812 mittamus
453 1734 553 1812 ¹iilam
567 1705 801 1838 methodum,
813 1762 896 1840 quae
911 1737 1144 1814 admirationi
1166 1738 1292 1840 potius
1307 1734 1518 1834 excitandae,
1532 1757 1642 1832 quam
1665 1755 1727 1810 ve·
1747 1742 1795 1829 ⁶7

82 1853 162 1908 titan
176 1833 411 1932 inquirende
426 1833 587 1940 inservit,
601 1864 641 1914 ac
651 1837 895 1942 procedamus
906 1835 951 1913 ad
967 1837 1167 1920 methodos
1181 1838 1411 1941 particulares
1432 1835 1673 1932 scientiarum,
1687 1835 1727 1910 in

18 2005 19 2024 ,
84 1932 199 2030 quibus
214 1959 299 2012 non
315 1937 514 2011 convenire
531 1935 632 2038 posse
644 1963 767 2014 earum
781 1935 968 2036 doctores,
982 1938 1119 2036 mitum
1133 1963 1211 2014 non
1230 1935 1384 2036 est,cum
1398 1939 1436 2012 in
1447 1932 1726 2010 universalinon

18 2039 20 2124 i
83 2034 310 2110 conveniant:
335 2059 405 2145 qua
416 2033 523 2111 semel
540 2036 638 2114 reite
652 2036 817 2142 stabilita,
841 2063 919 2114 non
933 2039 1090 2114 multum
1108 2061 1183 2116 erat
1200 2037 1246 2113 de
1296 2032 1540 2112 articularibus
1564 2033 1726 2110 laboran-

18 2129 20 2226 ζ
83 2129 165 2208 dum.
212 2133 516 2212 *CerteAutor
530 2135 725 2213 Medicinae
741 2137 880 2214 Mentis
902 2161 943 2214 ut
966 2161 1048 2212 rem
1072 2137 1239 2214 inutilem
1263 2063 1373 2214 labet
1396 2133 1553 2236 ipsarum
1568 2131 1725 2208 scientia·
1745 2141 1793 2220 68
1861 2175 1866 2184 ·

18 2241 20 2302 Ι
82 2256 151 2308 rum
165 2235 202 2311 dt
214 2233 489 2311 methodorum
502 2235 860 2340 multiplicationem3
885 2235 985 2337 cujus
999 2236 1079 2312 haec
1094 2237 1205 2314 verba
1218 2259 1310 2342 part.
1328 2258 1361 2312 2.
1373 2259 1410 2338 p.
1428 2258 1486 2332 23.
1503 2237 1578 2305 Vm·
1591 2233 1725 2331 Philoso-

18 2309 20 2444 l
82 2333 126 2434 phi
146 2334 338 2437 Philosophia
350 2337 415 2432 fior
432 2344 555 2408 micam
567 2338 704 2434 sludium
729 2339 768 2434 est
784 2365 839 2410 arr
863 2337 1043 2410 invnrintdi.
1118 2340 1153 2408 Si
1173 2339 1253 2422 haec,
1277 2339 1316 2409 dc
1341 2333 1451 2436 quihus
1475 2335 1565 2405 modo
1579 2333 1658 2432 ‘fiam
1679 2335 1723 2402 lo-
1778 2354 1784 2367 ·

18 2471 20 2488 .
83 2453 174 2522 tuas,
196 2435 504 2536 animaduertissent,
526 2437 621 2538 fimul
641 2435 781 2536 vidtfflnt
817 2461 878 2510 non
904 2457 954 2512 tot
978 2439 1051 2510 dari
1074 2435 1254 2537 disn'plinat,
1280 2453 1359 2538 quot
1384 2435 1439 2534 ips
1449 2431 1626 2534 profirmdo
1649 2459 1722 2504 enu-
1778 2453 1784 2460 ·

17 2551 19 2560 ’
83 2557 203 2620 merant,
220 2535 292 2636 sid
309 2536 524 2608 tannrmmo'do
550 2545 691 2622 naricam,
715 2537 795 2618 nttdr
821 2545 932 2622 omnia,
956 2549 1032 2640 quo¹
1034 2533 1115 2634 sciri
1136 2536 1247 2608 datum
1270 2537 1326 2630 esl,
1351 2535 1566 2617 hortunam
1591 2559 1657 2634 qun
1681 2531 1723 2628 esl

17 2675 19 2722 ,
83 2661 125 2708 art
137 2635 242 2738 sepiar
273 2652 456 2721 monorata,
477 2637 651 2711 invemendi
668 2659 808 2738 pannos
826 2635 910 2740 ipfitr.
963 2641 1053 2708 Hanc
1071 2639 1128 2736 qui
1144 2635 1201 2732 fibi
1223 2641 1426 2735 conparavit,
1443 2659 1547 2703 omnes
1570 2637 1646 2702 alias
1670 2630 1721 2702 ho·
1779 2651 1782 2660 ’

17 2729 18 2776 l
81 2762 126 2808 nas
138 2733 287 2830 sororias
308 2761 370 2808 utta
394 2762 465 2808 cum
490 2760 526 2807 ea
544 2733 602 2836 sbi
622 2737 799 2838 acqtn'stvt't,
829 2755 946 2806 attt'ea
966 2733 1077 2834 absque
1098 2736 1429 2830 altarins'adjnmaitro
1446 2732 1572 2832 simper
1588 2729 1653 2825 sthi·
1668 2756 1719 2800 ac-

81 2835 205 2936 quirendi
217 2844 401 2938 potnniam
422 2833 515 2909 habet
527 2863 541 2906 .·
564 2842 640 2938 quin
658 2861 760 2907 onnes
777 2837 868 2907 utiles
881 2833 1035 2932 scientia,
1053 2857 1120 2932 qun
1145 2830 1182 2902 ab
1207 2836 1275 2904 aliis
1288 2850 1407 2933 prater
1429 2832 1508 2902 hanc
1521 2831 1718 2926 statuuntur,
1813 2907 1823 2912 ,

79 2961 127 3006 non
147 2937 200 3032 nis?
217 2939 319 3032 hrgjtir
337 2944 419 3006 artis
433 2933 604 3038 specimina
620 2933 709 3036 sunt.
807 2931 855 3007 Ab
883 2935 942 3004 hac
950 2933 1086 3032 scicntia
1104 2933 1264 3030 vulgaret·
1273 2927 1440 3032 philosophi
1462 2933 1583 3030 longius
1605 2933 1720 2999 remoti

75 3035 152 3132 sint,
174 3061 273 3138 qnam
298 3037 412 3134 melgor
436 3037 596 3134 existimat.
647 3043 713 3134 Q·
733 3036 772 3108 da
786 3036 995 3134 scientiarum
1016 3041 1157 3105 vanitate
1179 3031 1395 3131 scripserunt,
1430 3055 1491 3101 non
1511 3038 1545 3100 in
1569 3053 1604 3099 to
1628 3051 1717 3099 erra·

81 3157 158 3219 nant,
186 3135 278 3236 qnod
293 3133 420 3230 pionem
441 3133 687 3238 philosophorum
717 3134 864 3234 scientiar
892 3133 938 3206 ad
959 3136 1135 3232 catalogum
1160 3155 1315 3204 vanarum
1333 3131 1398 3227 five
1422 3133 1578 3201 iratriliunt
1599 3129 1717 3226 relega-

80 3255 152 3318 rant,
166 3237 227 3334 sall
248 3243 283 3306 in
308 3256 360 3316 eu,
385 3235 473 3334 qnod
494 3259 535 3305 en
566 3261 653 3307 mera
675 3244 856 3336 ignorantia
878 3233 968 3333 (nti
994 3233 1122 3330 arsacile
1168 3240 1216 3302 nit
1238 3229 1372 3310 videbit,
1398 3231 1489 3301 modo
1512 3251 1564 3300 cot
1587 3249 1716 3301 attinnt

79 3333 119 3402 rel
130 3337 293 3434 paululrtm
311 3333 567 3434 perlustraverit)
588 3361 692 3406 omnes
717 3343 851 3406 omnium
870 3335 955 3434 philo
969 3336 1118 3433 ophornm
1135 3258 1284 3428 latentia:
1301 3333 1366 3427 sne
1390 3330 1450 3398 ullo
1467 3329 1641 3425 hsarlrnine
1660 3351 1715 3400 aa·

78 3433 169 3504 dame
219 3458 283 3505 ura
307 3452 478 3507 antonna·
517 3433 696 3509 *Verum
717 3455 857 3509 tantum
881 3430 994 3530 abest,
1020 3453 1061 3506 ut
1085 3433 1336 3504 convenientia
1363 3431 1401 3504 in
1425 3427 1609 3503 methodis
1634 3452 1714 3532 par·
1735 3435 1784 3514 69
1906 3463 1909 3470 ·

77 3531 194 3610 nolon
221 3555 267 3609 us
292 3531 338 3610 fit
351 3592 363 3635 ,
389 3557 430 3609 ac
455 3532 581 3609 eadem
605 3535 664 3610 via
685 3547 814 3608 'omnes
838 3527 1030 3628 incedant,
1054 3552 1095 3604 ur
1121 3533 1216 3630 pene
1238 3527 1368 3629 finguli
1392 3525 1456 3601 fibi
1479 3527 1639 3602 semitam
1664 3527 1713 3602 sa-

75 3632 178 3733 piant,
201 3633 500 3736 &quot'capita
582 3656 648 3710 ene
672 3654 731 3708 tot
753 3627 870 3706 sensus
895 3627 988 3718 fint,
1021 3653 1161 3732 magno
1184 3653 1223 3702 ar
1252 3649 1429 3724 umento,
1455 3629 1565 3710 etiam
1585 3627 1646 3703 illa
1667 3623 1712 3700 ab

77 3729 256 3810 Aristotele
285 3733 414 3810 tradita
438 3695 617 3836 analynca
668 3755 777 3836 arum
797 3725 992 3806 instruilos
1015 3726 1083 3802 elle
1109 3651 1310 3826 plerohhue.
1392 3729 1505 3802 'Non
1530 3721 1580 3800 est
1600 3727 1711 3826 hujus
1756 3757 1775 3775 ··

75 3829 145 3930 loci,
165 3859 298 3911 omnes
319 3831 401 3909 illos
428 3759 802 3930 recensere'hlutores,
826 3833 889 3928 qui
913 3825 1113 3901 diversr'in
1130 3824 1335 3928 'disciplinis
1348 3826 1529 3905 methodo
1551 3825 1604 3902 ust
1619 3825 1712 3922 sunt3

75 3927 177 4009 deeo
201 3932 366 4012 enimin
390 3933 574 4031 Polyhslotr
599 3927 804 4034 Philosophia
866 3929 979 4004 lenius
1013 3947 1149 4030 agetur.
1198 3928 1220 3974 ὓ
1292 3925 1412 4000 uidam
1433 3925 1713 4025 Euryclopaedi·
1728 3947 1780 4024 70

74 4049 122 4102 am
140 4024 214 4110 uno
237 4037 325 4110 com'
355 4032 438 4106 lexu
466 4033 504 4107 ἃ
523 4029 595 4105 'sub
621 4027 809 4129 unaqoafi
834 3955 976 4104 scientia
995 4023 1159 4128 ¹generali
1182 4025 1273 4100 tradi
1301 4047 1427 4122 crunt,
1461 4045 1501 4099 ut
1533 4017 1619 4098 fecit
1639 4025 1711 4100 So·
1970 4085 1971 4092 t

72 4147 220 4209 aratus
248 4135 291 4208 in
311 4057 409 4206 illato
434 4129 570 4206 Gallica
596 4131 720 4232 lingua
731 4128 887 4229 scripto,
913 4127 971 4202 cui
996 4125 1141 4200 titulum
1165 4123 1329 4198 Scientiae
1354 4122 1561 4200 universalis
1576 4127 1711 4212 (Science
1839 4197 1844 4206 ,
1970 4119 1971 4192 3

72 4233 253 4332 mansela)
282 4229 379 4306 fecit.
408 4227 453 4269 ''⁴''
468 4227 542 4306 sab
574 4225 796 4334 generali&
820 4223 1066 4328 corporalium
1090 4223 1128 4300 dt
1155 4221 1391 4322 spiritualium
1415 4240 1540 4300 terum
1564 4220 1772 4317 divisio-71

73 4347 110 4398 ne
133 4349 289 4406 omnem
315 4325 588 4434 philosophiam
614 4325 904 4508 comprehendit.
951 4325 998 4404 ln
1020 4341 1178 4422 quatuor
1203 4335 1334 4398 tomos'
1352 4319 1493 4396 dividit.
1536 4319 1585 4394 ln
1602 4317 1707 4420 primo
1804 4361 1810 4372 ·

722 4430 801 4510 telo
824 4427 863 4507 dt
885 4421 1002 4506 Astra
1020 4450 1029 4498 ι
1045 4419 1183 4523 sanando
1207 4421 1253 4498 cie
1268 4422 1478 4521 Meteoris',
1491 4417 1707 4522 Lapidibus,

71 4428 133 4526 agit
154 4428 201 4508 de
224 4429 368 4529 Termi
392 4429 497 4530 Aqua
510 4465 531 4532 ν’
547 4429 666 4536 Aine,
1535 4517 1693 4598 Metellis

1692 4581 1706 4625 7
