3910 5234
487 215 661 324 011pr.
685 216 745 298 De
766 171 915 328 linguis
927 215 1135 325 vigesies
1144 191 1335 326 ΑΕειναρἰειῖν.
1403 313 1405 323 Ι
1660 249 1735 326 759
1831 327 1834 334 ,

89 383 349 500 gnaGalliaef&
363 385 579 487 Britanniae,
598 402 691 487 quae
709 415 807 468 nunc
825 391 923 468 freto
937 414 957 468 a
971 390 1179 469 seinvicem
1193 392 1438 472 divellunturr
1462 395 1546 494 quia
1560 392 1733 496 frequens

90 496 170 570 olim
186 489 377 566 Gallorum
399 490 435 562 'tn
461 489 683 567 Britanniam
696 492 776 578 iter,
792 513 833 568 ut
850 517 869 566 a
885 490 1088 568 Druidibus
1102 491 1375 592 instruerentur,
1398 495 1500 592 quod
1515 495 1589 572 stne
1606 500 1733 599 cogni-

89 596 182 668 tione
199 593 342 691 linguae
364 587 588 665 Britannicae
611 587 691 665 fieri
711 616 790 666 non
812 613 975 692 poterat:
1002 591 1153 690 &quae
1179 594 1242 667 alia
1268 591 1376 668 haber
1399 597 1456 667 vir
1475 593 1607 672 dosius
1627 621 1665 670 ar
1695 622 1734 670 u·

87 715 199 768 menta
215 711 344 790 parum
361 689 486 784 utique
506 685 620 784 firma,
636 687 702 762 nifi
719 688 900 766 Celticum
915 691 1100 785 antiquam
1125 696 1250 790 (quam
1275 715 1294 766 a
1314 691 1490 768 Romanis
1511 719 1635 770 rerum
1666 621 1733 771 io-

86 793 185 868 minis
199 791 303 890 plane
323 785 422 887 apud
442 787 569 862 Gallos
589 787 787 865 extinsiam
802 789 895 888 vult)
922 787 1215 866 &Britannicam
1238 812 1402 864 veterem
1426 814 1471 865 ex
1497 817 1567 867 una
1582 789 1732 892 Scytha·

86 915 160 966 rum
178 891 299 991 lingua
316 909 425 982 ortas,
442 885 607 986 adeoque
622 911 661 962 es
678 889 819 963 ratione
847 909 1018 990 cognatas
1031 889 1135 962 ¹inter
1159 889 1204 988 se,
1228 887 1428 966 arbitretur.
1501 889 1622 966 Dosie
1637 890 1728 968 verb

85 989 201 1066 eadent
214 984 362 1088 epistola
378 983 425 1060 de
445 987 672 1084 expolitione
692 987 836 1088 linguae
851 985 1019 1086 Gallicae,
1034 986 1080 1062 de
1104 991 1210 1068 variis
1235 989 1311 1086 ejus
1336 987 1495 1076 dialesiis
1518 991 1555 1066 or
1577 1014 1731 1090 prover·

85 1087 159 1187 biis,
175 1090 266 1164 anit:
304 1087 401 1159 inter
415 1087 478 1158 alia
493 1085 770 1162 celeberrimum
794 1085 887 1159 istud
918 1085 1048 1162 lemma
1069 1091 1232 1184 equitum
1258 1085 1493 1190 periscelidis:
1532 1096 1645 1185 Honay
1655 1090 1729 1188 soit,

129 1153 218 1283 'uras
212 1213 231 1272 γ
243 1186 331 1287 pensi
337 1213 351 1268 ;
386 1188 436 1258 ita
451 1185 618 1284 explicat,
636 1207 676 1258 ut
689 1209 708 1258 a
719 1185 900 1260 maculatis
915 1183 1093 1258 infantum
1111 1185 1222 1264 fasciis
1237 1186 1492 1284 metaphoram
1521 1185 1588 1261 eise
1616 1188 1727 1287 dedu·

84 1215 182 1384 iim,
200 1287 291 1364 &iu
307 1283 507 1360 malevolos
530 1279 684 1358 dietario
700 1283 926 1382 applicatam,
945 1282 1147 1360 arbitretur.
1198 1285 1230 1362 E
1261 1285 1456 1360 Germanis
1480 1287 1577 1379 Jotr.
1602 1287 1725 1361 Haut.

84 1383 254 1464 Orrrus
286 1385 324 1460 in
350 1383 576 1454 Franco-Gallia
598 1381 657 1456 sua
679 1381 899 1468 Gallicarum
920 1405 1057 1458 vocum
1083 1406 1103 1458 e
1124 1385 1320 1464 Germanis
1356 1406 1519 1461 ortarum
1540 1387 1726 1489 originem

85 1485 217 1566 tradere
233 1479 420 1586 aggressus
437 1479 496 1554 est.
628 1561 633 1566 ,
770 1499 773 1508 ’
1655 1567 1657 1578 Ι

99 1637 101 1644 ι
175 1581 440 1662 Grammaticus
458 1579 650 1656 Gallorum
666 1577 972 1678 non-recensebo,
996 1605 1080 1656 cum
1101 1578 1262 1660 infinitae
1280 1582 1558 1686 propemodum
1585 1582 1664 1681 lint,
1686 1583 1788 1679 &15
1897 1624 1900 1631 ·

83 1707 169 1778 quae
183 1706 268 1782 prae
286 1682 412 1756 ceteris
429 1681 608 1764 emineant
630 1680 749 1756 ubivis
776 1701 895 1756 notae.
969 1677 1235 1756 Exastiffimam
1255 1707 1359 1784 parat
1381 1683 1501 1758 adhuc
1519 1683 1724 1759 Academia.
1826 1683 1831 1688 ’

82 1781 197 1860 lllulto
213 1785 332 1857 minus
347 1777 392 1852 de
406 1777 641 1854 librorumea
655 1780 778 1882 lingua
804 1777 869 1852 scri
900 1799 1023 1854 torum
1046 1782 1187 1882 ingenti
1212 1785 1320 1882 copia
1344 1785 1537 1880 quisquam
1561 1781 1723 1856 dubitat:
1828 1848 1833 1858 .

83 1905 156 1954 eunt
167 1883 238 1978 jam
253 1879 439 1978 super-iore
452 1877 570 1951 seculo
586 1901 760 1979 magnum
777 1879 814 1952 in
828 1802 918 1952 foiio
947 1879 1122 1954 volumen
1136 1883 1252 1954 meris
1268 1882 1493 1956 Gallicorum
1514 1877 1725 1968 Ausiorum

81 1979 323 2075 librorumque
348 1973 614 2052 recursionibus
637 1977 843 2076 adimplerit
878 1973 1165 2076 diligentiffimus
1190 1985 1342 2052 Arrionius
1370 1983 1560 2064 Verdierius,
1586 2001 1724 2080 nempe

81 2079 292 2152 Billiorhccaur
308 2075 416 2174 suam,
431 2074 603 2178 Lugduni
624 2090 725 2170 1585.
746 2073 888 2150 editam.
954 2074 1037 2150 *Cui
1058 2074 1215 2151 successit
1239 2077 1365 2154 Claud.
1391 2079 1562 2176 Sorellus,
1590 2080 1627 2154 dt
1648 2079 1724 2178 ipse

82 2181 151 2256 ralis
167 2177 402 2256 Bibliotheca:
419 2174 575 2272 Asilos,
590 2197 631 2250 ut
650 2177 686 2253 dc
703 2175 827 2250 Franc.
846 2171 1021 2250 Grudeus
1036 2173 1287 2252 Crucimanius
1310 2178 1371 2275 (de
1387 2177 1546 2254 laCroix
1561 2175 1611 2252 du
1631 2178 1723 2254 illai-

79 2281 135 2374 ne)
157 2278 227 2354 siue
251 2275 298 2351 dre
318 2275 438 2364 Ciues
458 2273 739 2362 Cenomanenst:
776 2271 823 2350 de
839 2273 972 2370 quibus
985 2273 1156 2350 omnibus
1171 2273 1244 2348 vid.
1268 2281 1305 2352 T.
1330 2283 1355 2348 Ι.
1379 2278 1517 2372 Polyhrfl.
1539 2275 1588 2348 ΙΙΙ).
1605 2306 1624 2349 ι.
1639 2303 1665 2347 c.
1684 2295 1722 2358 rs.

79 2387 132 2468 ὃς.
148 2405 189 2452 ar.
210 2405 255 2452 22.
282 2401 328 2468 25.
354 2399 403 2459 25·
480 2370 598 2450 Posset
621 2397 740 2450 tanuen
764 2372 882 2446 adhuc
899 2373 1016 2448 altero
1037 2394 1143 2462 torno
1172 2375 1364 2450 minimum
1385 2379 1511 2476 augeri
1533 2375 1723 2474 Verderiu·

78 2480 354 2574 nusSorellique
377 2475 491 2570 lahor,
516 2497 635 2568 neque
655 2472 702 2546 lic
727 2495 854 2548 omues
877 2469 1154 2546 recenserentur.
1231 2473 1289 2548 De
1320 2475 1443 2548 Poetis
1465 2471 1561 2566 infra
1581 2477 1722 2550 mentio

78 2601 240 2657 recurret.
318 2576 500 2652 Politioris
514 2573 652 2672 ingenii
669 2571 778 2646 scetus
800 2569 978 2668 plurimos
994 2593 1032 2644 ea
1049 2569 1173 2670 lingua
1187 2571 1279 2668 tulit,
1295 2569 1414 2645 debita
1427 2573 1507 2645 sane
1521 2573 1626 2646 laude
1644 2598 1722 2648 non

78 2663 302 2774 fraudandos,
324 2675 442 2750 modo
463 2696 541 2748 tlon
565 2669 809 2744 intolerandus
829 2689 953 2742 tumor
982 2667 1077 2740 bona
1100 2669 1363 2744 nonnullorum
1384 2671 1528 2768 ingenia
1557 2669 1720 2744 foetlatet.
1762 2693 1774 2712 ‘

77 2776 176 2856 Solos
189 2777 420 2872 sehomiues,
434 2771 468 2846 se
483 2770 578 2844 solos
599 2771 748 2844 inuenio
768 2766 964 2866 praeditos,
992 2765 1139 2838 ridicula
1158 2763 1261 2866 saepe
1283 2765 1520 2866 ostentatione
1535 2765 1719 2864 juditam:

80 2878 122 2974 (o)
135 2901 216 2952 curn
242 2875 340 2950 lruud
354 2898 437 2948 raro
455 2869 577 2946 videas
592 2833 800 2956 deiicatulos
823 2863 964 2946 nodum
985 2865 1022 2938 in
1044 2863 1164 2965 scirpo
1183 2888 1355 2962 quaerere
1366 2893 1382 2937 ι.
1402 2865 1439 2940 dr
1465 2866 1723 2964 complurima

77 2961 205 3078 magno
222 2975 374 3074 strepitu
389 2969 503 3046 locuti
518 2967 609 3064 sunt,
628 2965 717 3040 nibil
734 2967 804 3040 vel¹
815 2989 941 3064 parum
958 2962 1088 3038 dicere.
1140 2963 1251 3044 Certe
1270 2989 1346 3041 non
1359 2964 1451 3040 adeo
1472 2963 1599 3038 obesae
1612 2966 1736 3061 naris„

78 3098 269 3155 vervecum
295 3099 339 3148 ex
358 3073 482 3172 patria,
496 3065 655 3142 crassove
671 3065 733 3140 sub
746 3077 826 3154 aire
840 3066 926 3161 nati,
950 3061 1070 3138 sumus
1091 3063 1267 3140 Germani
1291 3066 1365 3164 (vel
1396 3087 1633 3163 quaecuuque
1657 3061 1719 3138 de·

80 3197 175 3249 mum
189 3177 238 3250 illi
258 3171 365 3248 nobis
382 3158 542 3246 convitia
556 3167 788 3278 impingant,)
811 3167 901 3264 quin
916 3162 1059 3238 fumum
1080 3163 1193 3240 vendi
1212 3165 1256 3240 ab
1280 3167 1322 3240 iis
1341 3165 1491 3264 saepius,
1517 3163 1555 3238 Bt
1574 3181 1740 3264 praeter·

79 3275 244 3348 vocabula
265 3274 330 3348 vix
354 3273 548 3368 quicquam
570 3270 624 3340 rei
646 3266 684 3338 in
703 3267 867 3366 iplrsmet
889 3261 1078 3338 censorum
1100 3263 1321 3364 rigidiorum
1348 3261 1489 3362 scriptis
1512 3275 1717 3364 occurrere,

79 3373 406 3450 animadvertamus.
453 3365 524 3440 Sed
546 3366 623 3438 brec
643 3363 769 3440 obiter.
832 3413 833 3420 κ
1017 3437 1022 3447 ,
1372 3447 1375 3454 .
1682 3448 1684 3456 .

170 3467 424 3546 lTALlCA
437 3461 656 3541 'LINGUA
682 3467 831 3566 gravior
846 3460 1038 3560 aliquando
1055 3459 1092 3536 ἃ
1115 3457 1277 3536 severior
1295 3454 1431 3536 Gallica
1448 3455 1509 3560 est,
1524 3463 1714 3564 magnoin
1737 3469 1782 3539 16

79 3569 290 3674 pretioiplis
306 3567 430 3646 Gallis.
481 3561 986 3660 E,Gotbiea,.Germarrieadt
1003 3561 1127 3636 Latina
1141 3562 1288 3636 coaluit:
1312 3561 1481 3659 Syntauis
1503 3561 1608 3662 plane
1624 3561 1718 3634 Ger·

79 3670 280 3750 manicaell.
331 3669 398 3744 Uti
413 3687 504 3738 vero
520 3659 616 3740 Galli
629 3664 838 3738 Francicam
851 3661 949 3736 suam
959 3659 1195 3750 Academiam
1210 3659 1429 3734 excolendae
1437 3663 1715 3762 linguaevetna

79 3770 167 3842 culae
183 3769 391 3849 destinatam
407 3763 558 3838 habent:
575 3765 625 3836 ira
634 3763 707 3860 jarn
724 3759 889 3838 antelios
905 3760 980 3834 lrali
997 3757 1109 3834 simile
1124 3755 1324 3834 institutum
1344 3780 1504 3855 tenuere,
1520 3762 1714 3858 viguitque
1733 3845 1736 3854 ,

78 3861 573 3969 baptimisapudilios(utjam
585 3861 881 3938 Humoriliarunr
894 3859 1111 3957 Romanurn,
1131 3857 1168 3934 dc
1184 3854 1733 4028 intronatorumSienngpligm

272 3987 275 3992 ·
573 3973 577 3984 ’
837 3969 842 3980 '
1615 3977 1652 4028 ca
1681 3976 1736 4052 en,

116 4131 169 4218 (ο)
187 4133 364 4220 Scriptorum
377 4131 474 4198 Gallia
487 4121 705 4193 Modernorunr‘
715 4129 890 4213 Jaiinuiam,
907 4097 1182 4210 &Maledieentiarn
1195 4095 1227 4186 in
1240 4108 1406 4205 deruanus,
1420 4117 1541 4206 aliasque
1550 4123 1662 4200 Gentes,
1678 4121 1718 4185 os·
1792 4131 1794 4134 ’

239 4241 363 4318 fratrem,
374 4239 444 4320 justa
459 4237 527 4298 haut
540 4238 581 4318 ita,
590 4235 703 4318 pridem
724 4225 899 4322 παῤῥησίῳ
921 4235 1061 4318 calligavit
1074 4231 1140 4316 Job.
1149 4230 1223 4291 Frid.
1233 4231 1384 4293 Ctutnerus
1393 4227 1506 4310 ,consil
1518 4227 1735 4312 Brandenburo.

98 4321 102 4328 ⁴
215 4327 218 4338 ’
237 4339 324 4422 gicus,
339 4335 371 4394 in
391 4315 518 4393 iuridicis
533 4331 658 4395 Nominis
671 4333 831 4418 Geruraur'ci,
845 4348 939 4393 centra
953 4333 1078 4416 quosdam
1090 4329 1287 4392 Odrrtt‘iatores
1304 4323 1404 4404 Gallos,
1423 4324 1543 4406 prasinis
1555 4323 1733 4388 SolisLite·‘

239 4437 278 4497 ris
289 4425 431 4490 Nominis
444 4427 602 4491 Inlrialibus
615 4435 640 4514 J.
656 4433 684 4492 F.
701 4433 734 4495 C.
748 4429 873 4494 Berolini
884 4434 920 4494 A.
933 4429 1020 4514 1694.
1036 4431 1069 4494 in
1082 4428 1131 4492 sol.
1145 4427 1235 4504 editis,
1249 4443 1280 4488 as
1295 4421 1396 4484 eodem
1411 4443 1481 4487 mou
1493 4425 1591 4503 Arato,
1605 4421 1714 4490 Atnsse·

238 4527 348 4592 lodrmi
358 4529 390 4591 in
405 4535 462 4604 8ro
478 4525 584 4588 recusus.
1153 4531 1158 4538 “
1718 4533 1720 4540 ’
