3970 5236
586 255 664 382 clp.
694 273 796 357 utu
818 387 822 392 Ι
844 277 1280 384 neapolitanorum.

525 485 531 494 ·
718 446 764 526 ὅ
785 451 986 552 mesoptamia

255 619 258 627 ,
428 543 496 646 Ipse
514 547 740 646 domessmulac
752 575 861 622 numos
873 557 1070 653 ,contemplor
1083 563 1116 626 in
1131 578 1216 638 arca,
1497 620 1500 628 ,

81 663 164 741 qttos
180 642 250 724 tibi
260 641 432 720 industria
446 669 525 720 mea
540 647 700 726 extorsit.
750 648 855 732 Plura
873 652 925 726 rui
939 651 1051 750 causa,
1063 651 1090 728 fi
1104 654 1228 749 velles,
1246 651 1385 728 vellent
1473 705 1479 710 -

184 783 242 868 63.
266 782 409 876 &talaria
450 779 536 860 Heu
554 781 663 860 mihil
690 783 846 859 Adeone
860 780 1063 858 meabona
1084 780 1231 854 fortuna
1247 777 1472 880 derclislum,
1491 798 1532 861 ut
1545 785 1598 862 tui
1618 789 1716 869 cauli

79 873 208 953 allicere
224 877 314 954 nihil
331 880 481 979 valeam,
496 884 560 980 qui
579 884 690 958 velim
707 885 839 958 omnia.
885 882 982 955 Non
999 877 1171 977 equidem
1185 880 1307 953 omnia
1322 877 1509 980 possumus
1525 892 1715 986 omnes,in

77 977 153 1050 aulis
195 975 379 1075 raeserrim,
396 981 433 1054 i'n
446 981 581 1076 quibus
594 983 749 1057 abunius
762 983 865 1075 Jovis
880 1001 970 1056 nutu
1036 977 1287 1055 ndentotnttia.
1335 977 1716 1068 Sed&hicinterdum

80 1003 241 1152 Semiileis
257 1077 295 1152 dt
311 1077 390 1153 Diis
410 1079 643 1158 Tutelaribus
659 1081 846 1181 &Satyris
860 1081 970 1188 aliqui
1009 1079 1103 1154 licet.

171 1226 228 1312 64
253 1214 474 1316 &nonaria
501 1218 637 1296 Satisne
657 1220 724 1296 tibi
753 1219 862 1296 causae
884 1213 952 1294 else
972 1218 1120 1324 ingrato
1147 1236 1263 1330 putas,
1287 1219 1390 1315 quod
1411 1228 1630 1302 omneinter
1644 1247 1716 1306 not
1814 1211 1816 1216 ’

81 1313 231 1388 amicitiae
246 1319 513 1392 commercium
526 1316 701 1396 sublatum
717 1319 817 1396 velis.
842 1318 945 1394 Nam
959 1339 1056 1392 certe
1072 1318 1266 1390 amicitiam
1277 1313 1443 1394 sustulisse
1459 1323 1550 1400 mibi
1567 1325 1715 1424 videris,

82 1413 135 1506 qui
149 1411 310 1490 fomenta
324 1415 400 1514 ejus
422 1415 531 1512 tollis,
552 1443 591 1494 ac
606 1417 667 1495 ilia
681 1441 895 1496 mutuorum
916 1411 1122 1492 officiorum
1139 1411 1269 1494 solatia.
1320 1415 1504 1520 Qunam
1526 1421 1605 1498 haec
1619 1423 1717 1500 satie·

81 1529 123 1584 tas
135 1509 210 1587 est?
228 1513 346 1620 Qrod
360 1511 542 1592 fastidium
560 1519 747 1598 teanobis
762 1509 1003 1594 abalienavit?
1030 1513 1174 1592 Omnes
1198 1512 1255 1592 alii
1274 1517 1399 1616 etlam,
1428 1544 1522 1615 quos
1545 1522 1715 1604 nonsatis

81 1605 174 1709 nosti,
190 1611 281 1688 aTe
294 1613 441 1714 habent,
455 1615 559 1712 quod
573 1641 702 1720 agant;
722 1643 795 1732 ego
810 1616 911 1713 nihil,
929 1614 993 1711 qui
1007 1613 1044 1692 u
1058 1615 1183 1690 annno
1206 1613 1272 1690 tibi
1293 1613 1372 1694 sum
1394 1611 1713 1724 conjunliilsrmus,

81 1707 246 1788 &rerum
261 1735 402 1788 tuarum
418 1713 662 1816 gerendarum
676 1711 936 1818 cupidissume.

165 1856 218 1942 65.
243 1850 435 1920 Paenitentia.
459 1847 537 1941 Jam
552 1874 647 1950 pene
669 1847 932 1952 promissorum
952 1871 1125 1925 meorum
1143 1871 1204 1924 me
1218 1851 1385 1948 puniret,
1406 1875 1490 1928 cum
1511 1853 1636 1932 tamse
1664 1858 1717 1934 ni·

83 1961 195 2020 terres
211 1965 282 2022 tuoe
296 1944 388 2020 mihi
402 1943 623 2048 procedanr3
648 1973 725 2027 non
744 1971 827 2024 mea
846 1946 1008 2046 quidem,
1026 1945 1088 2022 sed
1109 1950 1214 2024 unius
1238 1953 1433 2026 moratorie
1457 1954 1570 2054 culpa.
1663 1979 1716 2032 rec

81 2042 160 2116 mihi
179 2067 275 2146 pene
299 2045 508 2142 quotidiana
532 2045 613 2124 suat
632 2047 814 2151 supplicia
865 2046 943 2148 lpsa
960 2049 1080 2220 itaque
1102 2045 1287 2124 necessrtas
1308 2047 1401 2123 mihi
1419 2075 1566 2130 manum
1580 2054 1715 2150 injecit.

82 2141 148 2216 Ubi
160 2168 359 2221 removeto
380 2145 464 2220 haec
474 2143 663 2246 obstacula,
680 2153 727 2226 ita
742 2171 799 2224 res
814 2144 1002 2249 expeditas
1043 2143 1134 2245 abo,
1155 2169 1196 2224 ut
1218 2171 1286 2226 nec
1302 2169 1366 2222 une
1379 2152 1560 2250 poenitere
1572 2151 1718 2254 laboris,

84 2239 231 2343 &hujus
245 2243 354 2346 ipsius
371 2245 476 2336 ,radii
490 2244 616 2348 possit,
643 2271 710 2324 nec
730 2271 765 2326 te
779 2271 870 2326 meae
888 2246 1062 2324 amicitia.

171 2389 228 2452 66.
261 2381 346 2479 ‘Spes
368 2377 467 2452 Bene
484 2400 519 2453 re
531 2379 673 2481 sperare
683 2382 812 2482 iubeo:
838 2384 1000 2484 inportu
1017 2381 1114 2456 enim
1131 2401 1191 2457 tua
1214 2379 1315 2457 causa
1329 2388 1491 2488 navigat,
1505 2388 1655 2487 jamque
1671 2389 1718 2464 ad

81 2496 235 2576 optatum
251 2475 362 2552 finem
379 2501 437 2553 tes
456 2503 585 2580 omnes
598 2481 768 2584 spedant.
818 2482 897 2576 Jam
911 2479 1055 2582 gaudeo
1069 2478 1236 2580 impletas
1251 2481 1340 2556 Tibi
1355 2485 1421 2559 else
1436 2510 1455 2560 a
1471 2511 1531 2562 me
1542 2486 1622 2588 spes
1632 2508 1719 2590 tuas,

19 2643 20 2648 .
83 2599 158 2670 quas
177 2575 223 2652 de
235 2601 296 2652 me
308 2581 554 2678 conceperis(
612 2579 738 2680 Atque
757 2602 798 2656 ut
817 2583 863 2655 ita
884 2577 1023 2680 semper
1049 2578 1181 2679 speres,
1200 2603 1307 2680 rogo.
1357 2577 1451 2685 Ego·
1460 2584 1549 2680 illud
1563 2609 1718 2686 operam

20 2697 21 2756 ς
83 2673 177 2777 dabo,
193 2701 239 2760 ne
257 2675 336 2778 spes
354 2695 429 2754 tuas
451 2675 542 2755 fides
555 2677 676 2756 nostra
692 2678 866 2760 destituat.

171 2821 230 2908 67.
258 2793 447 2918 Desperatio.
474 2816 621 2918 Quanta
635 2813 697 2916 spe
712 2813 850 2908 decidi3
874 2811 996 2890 auum
1012 2814 1058 2890 de
1072 2814 1224 2890 amicitia
1237 2809 1357 2890 nostra
1371 2812 1437 2889 estl
1457 2815 1614 2894 animam
1629 2823 1706 2922 agit

83 2913 138 2990 nist
152 2936 189 2992 tu
209 2913 399 2992 succurras.
447 2916 512 2992 Ne
535 2913 625 3014 quid
638 2917 737 2990 enim
753 2911 985 3013 dissimulem,
1003 2940 1080 2990 non
1094 2913 1326 2990 mediocriter
1340 2916 1450 2988 animi
1469 2939 1598 3018 angor,
1615 2880 1721 3018 quod

84 3014 120 3088 ab
135 3015 201 3092 tiro
217 3040 326 3114 quam
341 3041 360 3090 a
375 3038 446 3113 me,
459 3016 559 3114 cujus
573 3036 693 3090 nmen
707 3011 794 3088 fidei
809 3014 899 3090 olim
915 3012 1084 3108 credebas
1098 3016 1231 3112 omnia,
1245 3016 1393 3116 negotia
1410 3035 1472 3090 tua
1487 3015 1578 3091 velis
1592 3021 1718 3094 curari

85 3112 158 3216 Ego
172 3140 264 3192 vero
282 3113 328 3190 ad
343 3114 512 3192 insaniam
532 3117 653 3215 cupio.
703 3113 766 3188 Tu
779 3112 864 3188 vide
888 3115 937 3189 rte
950 3114 1026 3188 hoc
1042 3137 1202 3190 moerore
1216 3114 1253 3188 dt
1265 3110 1447 3188 desiderio
1463 3114 1718 3192 contabescam.

85 3209 151 3305 Jam
164 3213 236 3292 istac
253 3239 312 3292 res
330 3239 421 3290 meae
440 3213 533 3290 mihi
545 3212 706 3316 sordent,
720 3209 794 3315 ipse
813 3174 905 3290 nrilti
920 3211 1104 3316 displiceo,
1119 3237 1203 3288 cum
1220 3209 1407 3312 displicere
1422 3210 1489 3288 tibi
1499 3211 1620 3330 ,studia
1642 3241 1721 3311 mea
1842 3263 1845 3270 ι

84 3313 193 3392 video.
228 3384 242 3408 ,
1514 3353 1538 3366 ν

186 3429 246 3506 68.
277 3419 393 3490 Ttmor.
419 3411 558 3514 Metuo,
572 3433 596 3490 o
609 3413 721 3512 bone,
737 3436 848 3512 quem
869 3435 947 3488 non
965 3415 1123 3488 metuis«
1155 3409 1344 3509 Habemus
1364 3410 1551 3490 interdum
1569 3421 1717 3519 amicos,

87 3517 141 3610 qui
152 3513 272 3594 blandi
286 3513 366 3591 sum
381 3517 467 3614 otis,
480 3515 592 3590 amari
604 3537 695 3589 vero
710 3511 882 3628 pedoris.
955 3509 1040 3612 Ego
1064 3507 1234 3613 profesio
1258 3533 1333 3584 non
1348 3533 1478 3610 parum
1495 3511 1558 3586 tibi
1573 3536 1718 3615 tuaeque
1841 3592 1843 3597 .

88 3615 184 3692 causae
197 3637 337 3714 metue,
363 3616 427 3713 qui
446 3639 576 3715 parum
591 3611 683 3688 adeo
705 3609 1013 3714 tibiipsr‘metuis.
1090 3609 1187 3683 Mira
1210 3608 1383 3719 alacritate
1402 3611 1524 3697 omnia
1547 3613 1716 3718 observ0,

89 3719 198 3792 omnia
211 3717 319 3792 etiam
333 3737 410 3790 tuta
424 3717 565 3788 timens.
614 3710 729 3788 Notae
745 3715 842 3786 enim
865 3709 957 3784 mihi
970 3708 1051 3785 sunt
1061 3707 1258 3786 hominum
1273 3705 1417 3784 inlrdiar.
1443 3710 1560 3809 Atqui
1575 3716 1633 3815 ita,
1643 3715 1717 3818 spe'-

88 3837 136 3915 to,
153 3817 252 3919 lento
271 3815 308 3890 ἃ
326 3810 492 3914 suspenso
508 3811 625 3914 gradu
645 3809 757 3912 ipsam
771 3809 879 3886 causae
892 3832 1013 3884 arcem
1031 3805 1209 3884 invadam.

194 3955 251 4036 69.
273 3941 472 4016 Verecundior.
496 3939 644 4030 Pudore
659 3937 846 4016 confertas
863 3961 958 4041 pene
969 3935 1059 4036 sum,
1073 3960 1157 4012 cum
1173 3959 1325 4014 aretum
1338 3955 1481 4014 tuarum
1496 3965 1581 4016 cura
1600 3946 1718 4020 exclu-

89 4043 230 4120 sum'me
249 4039 315 4117 esse
330 4039 458 4141 sentin,
478 4065 583 4139 quem
598 4063 713 4116 unum
726 4061 833 4136 atque
848 4041 995 4115 unicum
1008 4037 1164 4111 amicum
1178 4039 1360 4140 appellare
1372 4039 1720 4141 totiesconlbet’isli5

91 4147 148 4242 qui
161 4147 228 4222 tuis
243 4139 350 4216 rebus
366 4138 606 4242 eam‚semper
620 4135 784 4214 adhibuit
802 4138 1044 4240 diligentiam,
1065 4159 1176 4232 quam
1197 4162 1274 4213 non
1296 4133 1483 4211 adhiberet
1501 4138 1558 4211 vel
1575 4137 1645 4216 suis
1660 4143 1720 4218 vel

92 4246 234 4320 aliorum
250 4240 416 4354 negotiis.
465 4239 581 4316 Nunc
597 4241 717 4335 itaque
736 4235 952 4314 verecundia
967 4233 1171 4330 deterritus,
1198 4234 1362 4336 pluribus
1386 4255 1421 4306 te
1435 4235 1556 4310 verbis
1571 4263 1647 4315 non
1663 4266 1722 4317 ro·

132 4342 191 4443 bo,
205 4339 449 4438 utquthuam
466 4340 558 4426 mihi
564 4341 691 4414 oneris
706 4337 892 4439 imponas:
914 4351 1040 4410 metuo
1052 4335 1162 4433 enim,
1176 4359 1221 4411 ne
1235 4330 1453 4434 strepulsam
1467 4332 1593 4435 feram,
1608 4339 1725 4418 secun·

93 4367 469 4548 ibpttdorimtnusi
497 4435 757 4513 sesuccumbat.
879 4533 882 4538 ἱ
1220 4471 1223 4478 ’
1350 4437 1374 4545 ’.
1479 4531 1486 4547 .

185 4567 247 4644 70.
271 4539 418 4620 dodam
509 4546 646 4640 agnum
666 4536 707 4616 in
729 4557 788 4617 me
812 4531 1146 4738 [αείηιᾶωἰςειιΐα
1170 4530 1321 4634 suscepi:
1362 4529 1454 4630 taeta
1475 4555 1548 4630 Jam
1568 4532 1726 4714 estAalca.
1798 4571 1801 4578 ·

558 4647 561 4652 ’
972 4659 1039 4738 qq
1089 4657 1112 4720 2
1247 4721 1254 4735 ,
1647 4660 1734 4741 tque
