3932 5212
199 175 220 360 ,Χ
321 335 324 363 ,
365 240 488 350 caaz·
528 239 588 322 ue
602 239 845 346 satirarum,
859 245 1044 324 aratam
1061 201 1478 344 Poeticamfflmdm·
1515 288 1532 334 ·-
1635 217 1751 343 ¹⁰⁹⁷i

310 395 312 400 ,
1353 373 1370 402 X

86 435 137 494 tet
154 414 260 516 alios,
284 419 434 519 egregie
454 440 474 491 a
498 413 688 490 Bernardo
701 406 904 491 'Parthenio
930 412 1151 493 confutatam
1182 413 1441 512 rejeiiamque:
1472 414 1519 490 ita
1538 412 1728 490 Barthium

85 541 157 593 non
172 515 342 614 estquod
358 516 481 592 multis
499 515 559 590 hie
572 511 823 592 confutemus:
849 539 934 588 curn
951 513 989 588 id
1006 513 1120 590 nostri
1138 514 1288 591 instituti
1302 518 1393 590 ratio
1411 538 1489 606 non
1500 513 1599 588 serat.
1638 520 1742 586 Cam-1

83 637 268 712 memoror-es
283 615 432 692 Horatii
445 615 592 690 sollicite
606 614 765 690 recenset
781 613 955 716 Spachiu's
973 623 1007 686 in
1021 619 1256 690 Nomenclatort
1270 611 1436 716 Philosoph.
1451 635 1524 716 pag.
1532 630 1575 700 85·
1592 634 1668 710 quo
1685 615 1724 690 in
1766 601 1772 629 ²

84 717 162 790 loco
180 718 302 816 plures
321 720 429 791 etiam
447 715 493 791 de
515 715 608 788 Arte
628 712 774 790 Portica
786 715 991 812 Scriptores
1006 737 1281 802 commemorat.
1304 715 1508 794 Retulimus
1524 712 1724 790 Commen-

84 835 213 892 tatores
223 815 372 891 Horatii
389 816 427 918 dt
442 839 511 907 nos
524 814 641 916 supra,
656 837 740 890 cum
755 813 801 890 de
811 813 973 890 Horatio
998 815 1092 890 inter
1102 815 1248 890 ,Latina
1263 816 1398 928 lingua
1417 814 1622 916 Scriptores
1641 836 1724 914 age-

64 933 218 990 remus:
242 915 372 1013 quibus
388 941 487 990 nunc
502 913 733 1016 adjungimus
745 915 870 989 Franc.
887 911 1086 1014 Luistnum,¹
1102 914 1233 990 Italum
1276 913 1588 1012 cujusirtArtem
1607 913 1724 988 Pueri·
1859 929 1868 940 '

86 1037 158 1088 cam
173 1015 320 1089 Horatii
341 1013 657 1092 Commentarium
680 1017 812 1089 Vener.
831 1037 935 1107 1554.
952 1015 990 1087 in
1012 1037 1047 1104 4.
1071 1012 1209 1089 ¹editum
1235 975 1327 1104 habe
1368 1039 1427 1090 us:
1452 1015 1724 1112 aliosqueitem

83 1112 263 1215 Hispanos
287 1111 568 1214 Lusitanosque,
594 1138 756 1215 quorum
772 1114 961 1204 anotitiam
984 1111 1108 1188 Nicol.
1132 1112 1301 1188 Antonio
1350 1113 1508 1190 abemus.
1566 1115 1657 1189 Sunt
1686 1111 1746 1186 hit

14 1283 15 1286 ,
83 1209 239 1290 Achilles
258 1215 408 1312 Statius,
422 1213 637 1312 Lusitanus,
659 1216 759 1313 cujus
782 1215 820 1286 in
843 1213 977 1288 Artem
1000 1213 1186 1288 Po’e'ticam
1207 1213 1355 1313 Horatii
1380 1213 1470 1290 liber
1496 1213 1732 1316 Antwetpiae
1784 1268 1787 1281 .

82 1339 103 1388 a
112 1337 187 1410 553.
203 1312 350 1392 excusus
364 1311 425 1388 est.
475 1312 627 1414 (Nescio
640 1337 774 1412 autem,
789 1313 880 1412 quid
892 1303 958 1412 stb'i
972 1313 1071 1410 velit,
1090 1312 1195 1410 quod
1215 1315 1254 1388 in
1275 1313 1381 1390 titulo
1402 1313 1499 1414 apud
1512 1315 1725 1390 *Antonium
1792 1401 1794 1408 Ι
1892 1337 1894 1344 ·

82 1412 234 1509 additur,
248 1412 442 1511 assantibus
455 1419 583 1487 Grecis:
607 1415 645 1488 ni
658 1412 756 1490 forte
773 1414 975 1490 consultum
989 1409 1092 1487 simul
1106 1435 1126 1486 e
1138 1411 1303 1488 fontibus
1313 1409 1548 1490 Aristotelem
1564 1411 1601 1486 id
1619 1410 1726 1514 figni-

81 1509 194 1612 ficet.)
209 1514 339 1590 Franc·
353 1511 522 1611 Cascales,
538 1536 649 1612 aquo
670 1513 748 1590 Ars
758 1515 903 1591 Poetica
917 1509 1064 1588 Horatii
1082 1513 1118 1586 in
1142 1513 1361 1590 methodum
1386 1511 1531 1588 redata
1549 1508 1734 1586 Valentiaa'

84 1620 185 1706 1659.
201 1614 350 1714 prodiit.
399 1614 567 1692 Thomas
583 1612 735 1713 Correa,
751 1611 954 1710 Lufitanus,
968 1611 1121 1688 aemulus
1139 1613 1178 1688 dt
1198 1613 1346 1710 aequalis
1365 1613 1523 1709 Mureti,
1549 1636 1634 1686 cum
1649 1635 1724 1707 quo

82 1712 212 1790 eodem
227 1705 399 1814 tempore
415 1713 545 1788 Roma
560 1713 673 1790 bonas
687 1713 962 1800 literasdocuit:
988 1707 1228 1811 postmodum
1252 1712 1451 1790 Bononiae:
1477 1713 1566 1787 olim
1588 1707 1728 1804 jesuita-

79 1837 161 1888 rum
175 1811 338 1888 sodalitio
353 1811 529 1908 addidus,
544 1811 604 1887 sed
620 1803 721 1910 quod
735 1811 901 1908 desernit,
918 1811 956 1887 dt
979 1807 1140 1906 aversior
1155 1811 1296 1913 semper
1310 1810 1355 1886 ab
1370 1835 1415 1886 eo
1430 1811 1507 1888 fuit.
1556 1811 1591 1886 ls
1606 1812 1728 1910 expla-

80 1915 244 1988 nationes
260 1915 299 1986 in
310 1912 464 1986 Librum
481 1911 627 1988 Horatii
642 1913 688 2017 de
702 1911 848 1986 Poetiea
861 1913 992 1985 Vener.
1015 1924 1115 2006 1587.
1134 1902 1171 1984 in
1186 1924 1219 1998 8.
1236 1909 1362 2010 edidit,
1398 1933 1534 2012 prater
1546 1911 1610 1986 alia
1623 1914 1669 1984 ad
1690 1910 1728 1984 il·
1818 1955 1824 1961 -

79 2011 292 2087 lustrandam
311 2011 584 2108 ornandamque
600 2009 772 2086 Posti'cen
792 2010 978 2108 facientia,
1016 2008 1063 2082 de
1094 2009 1227 2106 quibus
1247 2012 1356 2112 paulo
1379 2007 1529 2088 inferius
1548 2007 1612 2085 suo
1632 2009 1727 2087 loco.
1775 2087 1779 2090 .

81 2111 164 2187 Fuit
178 2135 327 2209 quoque
341 2111 406 2207 qui
420 2108 496 2184 His
497 2127 501 2134 ·
514 2111 617 2184 anico
634 2108 806 2186 Carmine
823 2111 953 2186 Artem
977 2108 1162 2188 Poeticam
1188 2109 1336 2186 Horatii
1360 2112 1595 2210 exprimeret,
1618 2135 1729 2209 quam

81 2210 213 2384 deinge
226 2234 319 2385 {pm
339 2211 444 2384 alariis
502 2210 699 2288 arminibus
714 2209 795 2311 suia,
810 2210 873 2287 sub
891 2211 997 2288 titulo
1011 2211 1093 2310 Arte
1106 2215 1231 2290 rotarat
1245 2207 1413 2313 spanum
1429 2208 1555 2310 edidit,
1569 2212 1728 2288 Vincen·
1787 2233 1790 2240 ·

80 2329 149 2387 taus
191 2325 211 2386 e
272 2331 382 2411 pune.
732 2327 733 2332 ’
1353 2329 1363 2348 ·

191 2510 285 2588 Haec
305 2510 352 2588 de
370 2515 636 2614 antiquioribus
655 2511 758 2592 Artis
775 2511 932 2592 Poeticar
952 2515 1220 2618 scriptoribus:
1251 2515 1377 2596 Plures
1404 2518 1501 2610 enim
1521 2537 1599 2592 non
1621 2513 1727 2592 habe·
1747 2533 1765 2609 5

77 2635 169 2692 mus.
219 2611 305 2688 Nisa
322 2612 420 2690 fot'te
443 2618 525 2712 quis
545 2615 661 2690 isthuc
683 2615 799 2692 trahat
825 2622 956 2690 Homeri
974 2615 1018 2692 tr
1045 2619 1169 2716 Hefiodi
1197 2621 1360 2690 Certamen
1388 2619 1559 2688 ludicrum
1573 2639 1595 2688 a
1608 2614 1727 2690 nescio
1803 2661 1808 2669 -

78 2739 155 2813 quo
176 2714 388 2790 recentioris
427 2717 499 2788 arvi
524 2703 667 2790 ‘Gracco
699 2712 899 2794 considium
953 2714 1057 2814 quod
1125 2720 1259 2790 rimum
1296 2713 1414 2793 Henr.
1435 2711 1637 2815 Stephanus
1655 2713 1727 2788 An.
1758 2784 1762 2793 .

81 2813 239 2912 1573.in
257 2827 287 2900 8.
338 2811 523 2890 Gracc&
538 2813 811 2890 Latine-edidit:
835 2775 1074 2917 poilmodum
1112 2823 1189 2890 'an
1204 2812 1375 2892 Heinsius
1392 2812 1620 2915 pulcerrima
1643 2809 1729 2886 Edi-

76 2916 170 2990 tioni
183 2909 349 3010 Hesiodi,
366 2937 386 2988 a
400 2912 487 2991 seA
501 2922 602 3014 1603.
619 2917 657 2990 in
668 2941 702 3014 4.
717 2913 820 3013 datae,
834 2916 969 3014 absque
986 2935 1105 2992 tamen
1119 2914 1243 2990 Latina
1250 2912 1619 3014 versioneannexuit.
1650 2912 1725 2987 Ve-

75 3011 940 3210 allt§adstitissem”allisisti
986 3011 1456 3214 ‘illasii‘i‘apiifiiih
1472 3011 1728 3194 assistit

74 3213 179 3288 suad
196 3212 338 3288 Scholia
355 3213 437 3291 inL
466 3216 718 3317 cophronem,
744 3219 822 3296 Mat
845 3218 989 3304 adhaere
1011 3207 1070 3314 aaa}
1094 3175 1370 3316 praerapidum,
1395 3235 1437 3291 ut
1458 3216 1568 3294 frater
1592 3216 1654 3314 ait,
1679 3212 1730 3290 de

72 3313 292 3390 Poematum
307 3335 414 3413 atque
429 3239 626 3392 ldodtatum
640 3314 852 3394 differentiis
867 3323 962 3420 egit:
985 3317 1045 3394 hic
1061 3341 1160 3409 vero,
1171 3327 1252 3393 tum'
1263 3316 1434 3419 peculiari
1453 3315 1730 3414 lib‘ello,jambis¹

76 3419 383 3514 extemporaneis,
402 3416 461 3490 ie.
482 3414 654 3492 Verstbus
672 3417 843 3515 Politicis,
861 3417 1007 3520 scripto,
1023 3416 1279 3516 tumstr'idiim,
1295 3417 1333 3492 dt
1346 3437 1415 3518 per
1437 3408 1576 3488 summa
1601 3438 1639 3488 ca
1668 3417 1728 3512 ita,

74 3517 115 3590 in
130 3511 345 3614 praefatione
359 3511 404 3588 ad
417 3515 560 3590 Scholia
578 3513 687 3590 suain
707 3514 924 3616 Hesiodum,
938 3515 1037 3594 idem
1050 3516 1325 3621 Argumentum
1340 3512 1516 3592 tradaviu
1543 3511 1622 3598 sed
1639 3437 1729 3591 dria
1747 3520 1751 3530 '

76 3613 251 3690 omnibus
264 3637 386 3714 prope
405 3613 546 3690 Graecis
561 3616 763 3694 Scholiastis
781 3642 889 3717 quam
919 3619 1047 3724 lurima
1065 3618 1111 3694 ad
1134 3618 1265 3694 Artem
1287 3615 1471 3692 Poeticam
1491 3615 1661 3716 apprime
1681 3609 1746 3721 sag

76 3714 207 3790 cientia
227 3738 265 3788 re
295 3718 468 3790 eriunntr.
518 3714 840 3816 Ereccntioribus,
854 3641 917 3794 sui
932 3720 1075 3794 initium
1097 3714 1203 3795 seculi
1226 3716 1433 3818 superioris,
1458 3711 1728 3792 MACARIUS

74 3739 294 3912 MUTlud,
320 3811 523 3890 CAMERl
545 3815 668 3916 Eques
690 3817 823 3894 librum
846 3817 960 3894 edidit
974 3821 1013 3891 dc
1027 3815 1310 3918 rarionescrr'bcndr‘
1327 3822 1493 3890 Permutat
1515 3837 1627 3912 quem
1640 3813 1729 3890 Ant.

73 3911 292 3989 Possevinus
311 3912 375 3990 suo
398 3913 445 3990 de
465 3913 567 3991 Po'e'sr
580 3917 656 3992 Tra
714 3923 777 4017 tui,
797 3917 843 3994 de
864 3943 941 4016 quo
956 3937 1059 4018 mox,
1077 3917 1228 4016 addidit,
1249 3939 1420 3993 unacum
1442 3913 1614 4015 exemplo
1639 3910 1730 3986 Poe·

74 4017 184 4090 matis
199 4013 297 4112 sacri,
312 4014 358 4090 de
377 4013 506 4091 Crucis
521 4015 685 4115 vidioria,
699 4015 759 4093 seu
774 4017 819 4092 de
826 4019 1041 4123 Triumpho
1053 4015 1207 4093 Christi:
1260 4017 1336 4094 uod
1350 4019 1431 4092 alias
1444 4011 1587 4090 Basrleat
1603 4010 1641 4088 dt
1652 4009 1730 4086 Co·

74 4116 189 4191 ionia
206 4115 401 4216 prodierat.
452 4115 537 4191 Fuit
550 4117 692 4196 Mutius
707 4119 841 4193 amicus
858 4117 994 4232 Angeli
1011 4118 1189 4216 Politiani,
1205 4043 1259 4192 ad
1267 4139 1378 4216 quem
1395 4111 1557 4218 Epistola
1580 4112 1656 4213 ejus
1670 4131 1731 4188 ex·

75 4237 130 4292 tat
145 4214 204 4290 lib.
217 4229 251 4301 8.
268 4213 512 4319 Epistolarum
527 4215 719 4313 Politiani3
744 4240 786 4294 ut
800 4217 870 4313 jam
885 4219 976 4294 olim
989 4213 1054 4294 ill.
1071 4216 1262 4322 Gyraldus
1275 4219 1476 4328 annotavit.
1501 4313 1504 4320 ,
1544 4309 1550 4326 β

131 4415 219 4491 Po‘st
240 4417 338 4492 hunc
353 4415 623 4517 memorandus,
642 4421 844 4525 ceterisque
857 4418 949 4500 adeo
964 4393 1232 4521 preferendus,
1249 4415 1420 4498 omnibus
1438 4415 1499 4520 est,
1512 4413 1612 4516 Jut„
1636 4413 1736 4495 CAE·
1750 4406 1774 4480 6
1783 4479 1788 4488 .

73 4515 190 4596 SAR
214 4515 983 4621 SCALIGER,cujuslibridelittsottt‘ca.
996 4521 1181 4606 multoties
1198 4519 1348 4623 Puluis,
1361 4523 1528 4628 Generae
1541 4517 1737 4600 &Heidel-

1609 4615 1737 4727 bergae
1848 4681 1852 4693 .

1504 4817 1510 4824 .

1548 4845 1551 4852 ’
1704 4831 1733 4876 0

1758 4881 1768 4894 Ι
