3984 5234
22 209 25 328 l

288 279 298 328 3
384 337 385 340 Ἴ
433 345 438 350 ἱ
479 236 487 250 ’
525 219 530 234 ’
592 267 673 366 cap,
707 261 799 388 Vs
831 262 1088 344 benemoria
1100 268 1279 372 fitbfidiis.
1671 311 1744 386 377

101 428 220 506 finibus
229 429 500 530 imprimendis,
515 455 557 509 ut
573 430 680 508 stelloe
695 433 734 510 in
749 435 842 510 ctelo
858 459 926 537 per
938 444 1057 514 'certas
1078 438 1250 537 quasdam
1272 445 1449 546 imagines
1469 443 1601 550 signari
1617 423 1740 530 solens.

101 531 222 626 Neque
237 525 284 642 de
297 531 507 607 nominibus
523 533 668 608 urbium
687 531 817 634 dicarn,
832 561 915 633 quae
926 560 994 639 pet·
1006 539 1207 640 imaginum
1218 535 1352 654 figuras
1366 548 1555 622 memoriae
1575 574 1740 629 commo-

104 630 174 704 dius
185 625 288 730 infigr
306 628 461 728 possunt.
514 639 534 704 .*
559 631 735 710 Ceterum
751 634 796 708 ad
811 639 947 736 omnin,
965 661 1047 735 quae
1065 640 1102 710 in
1124 636 1317 752 disciplinis
1333 666 1530 721 occurrunt
1563 673 1740 746 quatenus
1762 699 1802 766 51

103 725 235 804 infusio
250 727 460 828 confilhurt,
476 731 594 808 velad
612 735 830 808 memoriam
845 735 1119 837 &phantasiam
1167 759 1274 838 ottus,
1289 765 1398 839 quam
1413 743 1458 820 ad
1475 706 1664 850 judicium,
1688 777 1740 828 re·

101 827 262 927 serunnrr,
277 829 414 904 utiliter
430 829 594 908 adhiberi
609 834 785 935 imagines
801 839 1046 912 mnemonicae
1062 861 1115 938 po
1145 859 1218 913 unt.

22 1109 23 1116 ἵ
153 989 174 998 -
198 1025 254 1104 Sic
271 1029 310 1102 in
330 1025 577 1126 facultatibus,
601 1051 689 1127 quas
718 1055 864 1132 vocant,
887 1033 1111 1142 Theologia,
1129 1034 1431 1138 Jurisprudentia,
1451 1037 1648 1142 Medicina,
1669 1047 1738 1122 illae
1761 1071 1804 1145 52
1857 1081 1862 1089 ’

99 1153 168 1204 non
179 1125 486 1230 spernendaesunt.
505 1127 604 1205 Cum
614 1127 1091 1237 enimTheologusinsacro
1105 1133 1246 1214 Codice
1260 1143 1447 1242 praecipue
1464 1165 1681 1243 occupetur,
1693 1145 1738 1223 ad

99 1227 285 1304 Historiam
307 1227 436 1304 sacram
458 1231 495 1306 lit
519 1250 734 1344 argumenta
754 1235 924 1346 capintm‘
937 1237 1127 1312 memoriae
1142 1234 1387 1336 imprimenda
1405 1262 1483 1312 non
1498 1265 1629 1340 patum
1652 1265 1737 1318 con·

99 1323 365 1404 serentsublidia
380 1329 639 1423 Mnemonica3
689 1333 704 1367 *
729 1331 843 1424 Culus
859 1331 1041 1433 specimen
1055 1337 1230 1409 eximium
1253 1332 1410 1412 ollendit
1424 1336 1482 1413 his
1503 1336 1626 1415 studiis
1649 1343 1737 1418 cele·
1760 1371 1799 1440 53

100 1425 298 1502 bratilsrmus
347 1428 567 1522 Jotanun
584 1453 634 1506 ss
680 1430 832 1507 Bono
880 1433 976 1509 libro
992 1434 1214 1509 Germanica
1229 1433 1351 1536 lingua
1371 1433 1485 1534 edito,
1500 1437 1614 1514 Anno
1633 1453 1735 1524 1680.

22 1527 23 1616 ἶ
99 1524 613 1618 subtimosffilluersffiibtl
687 1531 834 1606 *Ante
868 1532 971 1606 illum
1023 1533 1528 1611 Wrxcxsrxauxus
1578 1543 1736 1640 generali
1760 1567 1803 1638 54

22 1627 23 1716 l
99 1625 328 1722 eliquatabula
343 1627 461 1704 ideam
487 1629 628 1704 Veteris
645 1629 828 1728 Novique
854 1629 1079 1707 Testamenti
1100 1632 1319 1732 complexus
1344 1633 1411 1733 esi,
1433 1634 1556 1710 libello
1583 1637 1737 1714 Germa-

22 1719 25 1886 l

100 1728 192 1824 nico,
214 1721 356 1804 Bremae
374 1727 617 1820 A'nno'1679.
635 1727 747 1828 edito,
769 1733 828 1809 cui
843 1731 967 1807 titulus
984 1730 1306 1826 &orientalibus
1352 1733 1474 1809 inibis
1498 1753 1619 1810 tamen
1638 1737 1736 1814 tabu-

101 1823 156 1921 lis,
179 1829 361 1929 precipue
374 1827 615 1925 bononianis,
639 1825 739 1903 forte
760 1831 908 1905 nimiam
929 1831 1130 1932 imaginum
1153 1827 1456 1931 constipationem
1479 1834 1736 1912 &exilitatem

102 1925 365 2026 improbaveris.
418 1929 438 1972 ἥ
453 1927 524 2002 Sed
541 1925 663 2002 labore
681 1927 869 2029 improbo,
889 1954 967 2004 non
982 1931 1021 2004 in
1036 1929 1095 2004 his
1108 1949 1259 2028 tannim,
1276 1927 1336 2004 sed
1355 1931 1393 2006 dt
1405 1935 1443 2006 in
1459 1933 1545 2031 aliis,
1562 1936 1621 2008 vir
1639 1939 1734 2038 opti·
1756 1957 1798 2029 55

102 2047 172 2102 mus
185 2025 377 2104 defunditis
390 2023 449 2101 est.
501 2027 542 2100 ln
566 2025 855 2128 jurisprudentia
876 2030 994 2126 enim,
1014 2027 1078 2103 ubi
1100 2027 1272 2129 pleraque
1295 2028 1461 2107 constant
1485 2036 1677 2112 autoritate
1697 2037 1736 2111 li·

100 2121 237 2200 brot‘um
249 2127 354 2224 juris,
374 2125 532 2209 'similem
547 2127 606 2200 ille
618 2125 782 2202 laborem
798 2119 960 2229 suscepit,
978 2153 1055 2226 quo
1070 2149 1283 2230 peromnes
1295 2131 1386 2228 juris
1399 2129 1548 2230 Civilis,
1574 2131 1737 2211 Canoni-

99 2225 173 2300 ei&
185 2225 348 2302 Feudalis
356 2227 473 2302 libros
489 2249 567 2301 non
580 2225 835 2302 solum-titulos
850 2228 888 2303 dt
903 2251 1034 2303 eorum
1050 2252 1197 2324 nexum,
1212 2225 1273 2302 sed
1294 2229 1332 2304 dt
1359 2227 1584 2334 srngulatum
1610 2233 1736 2335 legum

100 2323 458 2498 pptngraphorum
473 2347 686 2430 argumenta
703 2349 771 2427 per
784 2326 959 2428 imagines
974 2348 1113 2428 magna*
1128 2328 1166 2402 dt
1190 2325 1430 2403 sollicitillima
1451 2353 1536 2404 cura
1554 2333 1734 2432 expressit.

162 2451 185 2499 n

188 2448 242 2501 tea
264 2450 418 2524 quoque
444 2426 670 2524 Anonymus
698 2426 745 2500 ali
773 2427 840 2501 uis·
853 2425 1119 2499 IntroduHionnn
1145 2431 1392 2512 Munnonicam,
1420 2429 1522 2526 cujus
1553 2427 1733 2509 beneficio
1757 2439 1802 2534 58

22 2549 24 2568 ³
100 2523 239 2600 tubricae
263 2523 536 2601 institutionum
561 2525 598 2600 dt
623 2451 886 2600 Pandedlarum
911 2527 1080 2627 corporis
1111 2525 1206 2619 Juris
1238 2524 1375 2640 Civilis,
1391 2526 1506 2627 spatio
1536 2527 1735 2608 brevissimi

22 2625 23 2640 ³
101 2625 264 2739 temporis
286 2629 477 2700 memoriae
503 2623 665 2698 mandari
686 2621 834 2725 possint,
857 2623 918 2698 sed
943 2621 1017 2699 stne
1040 2622 1125 2699 loco
1152 2623 1396 2726 imprellioms
1422 2627 1459 2702 dt
1484 2643 1654 2728 tempore
1675 2630 1734 2705 ad-

22 3027 23 3062 ³
102 3020 170 3100 ditis
183 3019 657 3138 imaginibusmnemonieis
671 3017 795 3094 edidit.
842 3019 887 3095 Se

102 2722 186 2823 dtto,
207 2723 417 2826 publicavit.
468 2723 648 2826 Imagines
671 2723 731 2796 bic
744 2721 825 2798 satis
836 2724 875 2798 el
947 2745 1028 2798 nter
1041 2722 1196 2824 depistae
1217 2725 1254 2798 ὃ(
1274 2723 1368 2797 bene
1392 2725 1580 2822 ordinatae,
1606 2725 1667 2800 sed
1689 2729 1734 2804 ad

100 2820 180 2900 solos
197 2824 257 2898 ille
272 2822 398 2900 titulos
415 2843 557 2898 rantum
570 2819 739 2921 respexit,
759 2844 837 2896 non
853 2823 899 2896 ha
925 2824 973 2896 ita
995 2845 1233 2896 numerorum
1256 2821 1405 2896 ratione.
1456 2823 1560 2898 Alius
1585 2849 1741 2924 quoque

101 2921 382 2999 Nicotaus
429 2922 799 2996 Burncrtenus
843 2921 892 2996 'Li
922 2917 980 2994 11ae
1002 2918 1136 2998 tabulas
1163 2916 1655 3000 institutionum'summarias
1676 2924 1736 3000 ad·
1774 2970 1775 2978 κ

888 2945 919 3094 d
929 3019 967 3096 dt
988 3018 1046 3094 ille
1061 3023 1112 3093 im
1141 3017 1297 3096 erfastus
1319 3018 1422 3094 labor
1438 3017 1510 3096 est(
1560 3023 1638 3098 *In
1653 3023 1734 3102 Me·
1756 3058 1801 3131 57

22 3161 24 3172 ·
102 3119 204 3198 dicina
218 3145 329 3198 enam
348 3119 394 3222 ad
408 3117 735 3196 Nomenolatutam
748 3115 967 3292 simplicium
981 3045 1149 3220 prodese
1164 3118 1237 3194 Ars
1262 3119 1499 3195 Mnemonica
1513 3117 1644 3221 pollet·
1691 3125 1735 3200 ln

102 3217 481 3336 Historicispraecipue
501 3217 582 3306 usus
610 3218 685 3316 ejus
706 3220 790 3292 artis
827 3244 847 3292 e
871 3241 996 3294 exerit.
1067 3217 1256 3294 Habemus
1280 3221 1318 3292 in
1345 3217 1413 3294 illis
1434 3219 1595 3296 Tabulas
1608 3222 1654 3297 de
1669 3223 1733 3298 lv.

22 3337 23 3346 ¹
102 3319 326 3419 Monarcbns,
342 3325 440 3395 varie
455 3317 687 3418 interpolatas
708 3315 746 3392 ἃ
759 3316 931 3392 recostas.
1004 3317 1103 3420 Qaae
1126 3319 1401 3488 enimprimum
1423 3315 1497 3393 sine
1512 3319 1656 3397 Autore
1671 3325 1736 3397 cir·

102 3411 393 3519 nrmferebantur,
407 3417 452 3494 ab
472 3425 604 3492 ilenrico
620 3417 763 3501 Sthenio,
785 3419 1168 3500 usncntmannossunone
1184 3417 1225 3489 re
1242 3437 1391 3490 orinatae
1399 3415 1509 3492 hiere.
1560 3423 1581 3464 ὓ
1594 3423 1733 3493 illinclel·
1757 3447 1801 3529 58

102 3530 192 3592 anne
206 3501 306 3596 extat
321 3519 532 3619 Casarcologia
546 3541 631 3591 cum
644 3513 783 3590 Tabula
795 3515 1046 3613 Mnemonica,
1060 3539 1131 3610 qua
1153 3513 1345 3589 Caesarumv
1360 3518 1510 3591 nomina
1530 3519 1568 3593 dt
1589 3541 1734 3620 tempo·

103 3639 133 3692 ta
147 3618 373 3696 exhibentur.
420 3624 542 3689 *suno
566 3615 680 3688 multa
699 3613 745 3688 de
772 3612 880 3690 rebus
902 3611 1011 3716 gestis
1032 3612 1185 3711 adjecit,
1207 3637 1275 3712 per
1295 3637 1424 3688 omnes
1450 3616 1682 3694 Monarchias
1697 3620 1735 3695 δι
1757 3653 1801 3724 59

104 3739 200 3820 regna
241 3715 363 3794 addita
375 3718 522 3818 prolixa
533 3712 783 3814 explicatione.
835 3711 938 3788 ldem
978 3712 1116 3808 Hilaris
1157 3711 1343 3810 Uruaersalr's
1375 3715 1481 3784 ideam
1508 3719 1738 3790 Mnemonicam

103 3815 160 3892 alio
173 3778 299 3894 labore
319 3840 394 3918 per.
403 3815 622 3890 millenarios
642 3811 680 3888 dt
695 3809 808 3886 secula
828 3809 1020 3886 deduslam
1050 3812 1089 3884 in
1105 3809 1308 3904 juventutis
1324 3809 1427 3885 usum
1440 3809 1573 3903 edidit,
1598 3839 1737 3890 conno-

103 3917 170 3992 ntis
184 3921 246 4017 iis,
268 3939 352 4015 quae
366 3914 411 3992 ad
427 3914 677 3989 revolutiones
693 3910 732 3987 dt
745 3911 962 3986 murationes
977 3911 1219 4010 imperiorum
1238 3909 1275 3985 dt
1306 3933 1345 3984 re
1401 3933 1508 3985 orum
1535 3915 1739 4012 pertinent3

102 4015 157 4109 qui
168 4016 270 4092 labor
284 4012 455 4116 'profesio
470 4011 614 4088 laudem
633 4009 730 4085 suam
748 4029 919 4084 meretur.
993 4006 1089 4082 Usus
1110 4031 1202 4083 vero
1226 4008 1333 4084 hice
1388 4009 1477 4086 locis
1508 4009 1771 4108 naturalibus,¹

97 4135 171 4189 non
194 4114 324 4192 eastris.
394 4113 492 4216 Qae
531 4133 616 4186 cum
650 4112 688 4183 in
722 4111 891 4185 omnium
924 4107 1090 4186 manibus
1117 4104 1197 4208 sint,
1234 4108 1302 4183 illis
1336 4109 1525 4182 immorati
1556 4109 1737 4184 nolumus.

104 4211 245 4292 *Extat
280 4217 320 4290 in
347 4211 495 4288 historia
525 4210 611 4286 attis
640 4208 889 4284 Mnemonicae
920 4205 1121 4306 secimen,
1152 4231 1173 4284 a
1197 4209 1344 4304 Johamoe
1378 4206 1538 4278 Theodoro
1570 4213 1738 4294 Dieterico,
1755 4221 1803 4292 60

104 4335 232 4482 puero,
255 4311 493 4388 undecimum
515 4327 647 4413 agente
670 4331 824 4404 annum,
856 4233 1077 4402 exhibitum,
1111 4307 1176 4404 qui
1205 4302 1738 4408 Historico·Chronologicam
1774 4385 1775 4390 Ν

116 4435 258 4490 enema
280 4411 376 4506 Julio
403 4408 545 4487 Caesare
568 4431 683 4506 usque
705 4403 750 4479 ad
772 4407 938 4506 regimen
964 4405 995 4480 F
997 4403 1186 4480 erdinandi
1204 4405 1265 4480 lll.
1298 4405 1513 4478 memoriter
1531 4407 1570 4479 in
1589 4405 1738 4506 publico

108 4511 254 4588 musella
269 4511 454 4612 recitavit,
476 4507 589 4588 dusiu
615 4507 865 4591 Winckelmnmr',
891 4501 994 4606 quod
1018 4501 1158 4580 editum
1182 4503 1233 4580 est
1257 4499 1387 4580 Giellae
1408 4500 1605 4581 Hassorum
1626 4503 1739 4581 Anno

206 4613 353 4692 Tunius
378 4609 405 4686 Ι.
985 4601 1128 4733 ‘Rbb
1166 4650 1175 4656 .
1539 4625 1552 4634 “
1634 4610 1737 4704 1⁶53·
1804 4703 1808 4714 .
