3970 5236
611 181 690 282 Cup.
712 173 815 258 XIV.
865 174 1038 282 Exempla
1055 182 1299 260 imitationum.
1325 279 1328 284 Ι
1696 192 1771 274 437
1788 253 1804 307 ¹,
1919 233 1922 248 ·

116 350 281 453 negotiis
293 343 570 444 circumsideris,
586 371 626 422 ac
638 369 734 462 pene
751 349 993 463 opprimeris,
1028 373 1067 424 ac
1082 374 1180 424 nova
1202 353 1344 449 quaeris.
1394 325 1502 424 Nolb
1523 366 1582 422 tua
1603 341 1769 421 facilitate
1802 389 1813 452 .'
1878 393 1882 401 ·

115 449 231 547 abuti,
247 447 336 523 nolo
353 445 507 561 publicis
521 445 672 544 detrahi,
693 471 776 544 quae
794 471 884 526 mers
899 447 1092 550 rmpendis,
1108 469 1284 550 tempora.
1359 447 1422 524 Tu
1444 471 1536 522 vero
1560 443 1662 519 aufer
1676 444 1768 520 mihi

115 545 201 623 istas
217 544 525 626 excusatiunculas.
577 545 678 628 Non,
692 547 739 620 ita
752 545 847 622 aulae
856 545 987 648 servio,
1001 569 1042 624 ut
1055 545 1226 624 inservire
1244 551 1366 626 amicis
1379 548 1439 624 vei
1457 547 1591 642 nolim,
1613 543 1673 617 vel
1689 568 1767 618 nou

146 645 261 721 ossrm.
312 645 431 722 Totas
447 647 550 720 citius
566 641 652 729 dies,
669 669 811 744 omnes,
833 671 916 744 quae
945 645 1145 748 supersunt,
1161 647 1284 748 horas,
1315 649 1437 724 omnia
1469 663 1657 720 momenta
1677 644 1766 718 aulae

110 673 263 820 gimihi
280 745 443 846 eripiam,
457 765 498 817 ut
514 743 580 819 tibi
596 747 740 842 tuisque
754 745 862 821 rebus
878 745 1100 846 impendam.
1149 747 1282 822 Aulam
1300 746 1458 842 denique
1472 739 1767 819 resiuassrbiha·

109 843 202 920 bere
215 843 352 942 malim,
372 859 495 942 quam,
512 862 553 919 ut
566 868 586 918 a
600 857 743 918 tuarum
759 845 851 918 mihi
865 864 987 920 retum
1003 869 1089 920 cura
1108 843 1152 921 fit
1167 843 1432 922 discedendum.
1471 869 1474 876 ·
1495 899 1499 904 -

217 1001 277 1070 29.
304 980 407 1054 amu.
435 967 692 1096 Qddrerum
707 982 1277 1084 tuarumcuranimihiimponis,
1294 979 1458 1088 gaudeo:
1483 980 1767 1058 committehuic

109 1081 262 1160 homini
276 1082 409 1158 omnia·
458 1079 577 1182 binga
591 1103 637 1155 erc
654 1105 719 1166 tuo
735 1082 886 1194 ingenii)
900 1103 1105 1182 promtum,
1120 1083 1285 1180 alacrem,
1293 1077 1504 1156 officiosum.
1552 1079 1767 1184 Argumme

11 1197 12 1200 ’
111 1181 230 1286 finge,
245 1182 310 1278 qui
333 1181 492 1256 centenis
508 1180 621 1256 oculis
639 1181 817 1284 invigilet.
868 1177 1055 1256 Briareum
1069 1180 1181 1284 finge,
1198 1183 1261 1280 qui
1283 1202 1430 1258 centum
1450 1205 1577 1257 manus
1601 1178 1647 1256 ad
1671 1201 1798 1280 opus*

110 1304 222 1360 tuum
235 1279 387 1356 adferat:
407 1303 489 1356 non
503 1277 623 1356 saliam
633 1279 713 1382 spes
729 1302 805 1358 tuus
819 1279 857 1355 dt
868 1301 1056 1376 vota,mea
1072 1283 1180 1356 etiam
1193 1303 1281 1357 vota
1292 1303 1493 1378 meumque
1506 1283 1658 1384 genium
1672 1275 1783 1353 frmi·

111 1380 279 1479 daturuS,
295 1401 336 1456 ut
351 1400 410 1454 tua
423 1377 593 1478 impleam
613 1377 794 1464 desideria,
807 1401 879 1456 tuae
903 1403 963 1454 me
979 1378 1261 1456 accommodem
1287 1380 1474 1456 voluntati.
1524 1379 1642 1484 Finge
1667 1378 1767 1454 deni·

110 1505 189 1658 (ἔξω
205 1479 595 1675 ηᾳνεωέἓυθέτὲὃιῖηεί
609 1481 647 1554 in
662 1479 721 1554 Te
736 1481 1020 1583 μεταμὸςφῳσινε
1047 1477 1095 1554 fic
1108 1479 1206 1556 idem
1215 1503 1337 1556 tecum
1352 1479 1390 1556 dc
1404 1478 1498 1582 plue,
1509 1503 1618 1580 quam
1633 1476 1767 1597 tuipse,

174 1603 320 1682 cupiam
423 1601 432 1616 '
546 1634 555 1651 .

216 1739 273 1807 30.
299 1720 492 1814 Imaginatio.
515 1713 594 1808 Jam
612 1711 745 1789 videor
764 1712 855 1786 mihi
870 1733 906 1788 te
923 1712 1051 1790 videre
1063 1703 1264 1814 moreium,
1284 1706 1598 1807 meditabundum,
1617 1708 1768 1782 circum·

111 1815 326 1918 spicientem
341 1837 471 1890 omnes
487 1809 654 1916 angulos,
669 1810 1039 1888 circumcurfitantem
1051 1841 1180 1894 omnes
1202 1817 1349 1917 plateas,
1371 1809 1599 1926 prensantem
1617 1809 1768 1900 amicos

112 1939 214 2016 quos
229 1917 268 1991 in
285 1941 309 1990 n
361 1915 441 1988 otio
457 1934 522 1989 tuo
535 1910 768 2011 expediendo
786 1911 958 2011 considas.
1009 1911 1072 1988 Aa
1090 1940 1150 1990 me
1167 1942 1245 1991 non
1261 1913 1417 2015 respicis.
1468 1905 1661 2084 (ffmdic'
1676 1902 1766 2003 quid

11 2081 15 2096 .
112 2016 215 2092 veiis.
266 2015 332 2088 illu
373 2013 466 2086 mihi
480 2011 775 2112 Pythagoreum:
793 2015 899 2089 οἰυτδς
912 2013 995 2112 ἔφα,
1010 2013 1076 2088 tibi
1096 2019 1164 2090 erit
1177 2017 1284 2094 duris
1296 2016 1439 2114 iuriam.
1535 2008 1658 2084 ienim
1678 2028 1766 2108 ego,

113 2113 295 2214 quicquid
311 2135 352 2189 tu
365 2113 512 2210 dixeris,
531 2113 578 2186 ita
594 2109 766 2188 effesium
787 2109 964 2214 dederim,
990 2135 1032 2190 ut
1052 2114 1126 2218 ipse
1149 2141 1228 2193 non
1249 2111 1361 2218 possis
1382 2109 1593 2208 accuratius,
1615 2128 1767 2184 omnem

110 2214 214 2319 apud
232 2238 268 2290 te
282 2212 395 2288 fidem
409 2196 605 2287 decoxere.

219 2373 275 2442 31.
298 2345 457 2449 Expressa.
483 2343 569 2449 Ego
586 2365 662 2420 tuas
679 2367 737 2420 res
752 2331 829 2423 u'on
847 2346 1002 2442 curem?
1028 2349 1110 2453 plus
1126 2371 1235 2449 quam
1246 2373 1353 2424 meas.
1404 2349 1442 2424 Si
1455 2345 1561 2443 Jovis
1573 2341 1766 2444 quadrigas

113 2447 331 2528 inscenderis
339 2474 350 2542 3
376 2469 437 2530 aut
450 2443 631 2548 Diogenis
649 2445 853 2523 accenderis
864 2451 1059 2550 lucernam,
1105 2475 1202 2525 arem
1214 2452 1252 2524 in
1265 2450 1334 2525 ulio
1344 2445 1458 2524 fidem
1470 2443 1602 2522 frustra
1615 2463 1766 2546 querar.

38 2561 42 2568 ’
110 2547 290 2626 Manibus
307 2543 540 2664 pedibusque
553 2544 676 2622 saxum
689 2547 763 2620 hoc
778 2569 881 2622 tuum
895 2548 1023 2625 volvo.
1070 2475 1102 2624 ξ

11 2711 12 2728 t
113 2649 277 2728 ties‘haec
288 2645 357 2726 'tibi
371 2647 608 2740 incuicarem3
626 2645 717 2718 nihil
732 2643 810 2740 effe,
826 2645 928 2744 quod
945 2673 1023 2722 non
1038 2652 1090 2723 tui
1107 2647 1203 2724 causa
1216 2651 1370 2748 cupiam.
1401 2705 1403 2709 v
1419 2643 1457 2720 Si
1474 2645 1698 2722 centimanus
1714 2663 1768 2746 es·=

11 2731 13 2758 i
110 2753 188 2829 sem
202 2747 379 2846 Briareus,
393 2747 453 2822 vel
469 2747 602 2821 centies
618 2741 743 2819 effeeia
757 2741 892 2845 darem,
913 2771 995 2843 quae
1009 2745 1118 2823 semel
1132 2767 1171 2822 tu
1184 2745 1277 2821 faeta
1295 2746 1409 2852 cupis.

196 2902 276 2974 aa.
297 2879 513 2982 Ptosspopm‘a
548 2876 586 2952 Si
599 2875 806 2952 chartahaec
814 2877 1052 2958 consiliorum
1063 2907 1234 2960 meorum
1243 2883 1426 2986 particeps
1438 2881 1543 2982 loqui
1551 2861 1765 2982 tecumpos·
1789 2879 1793 2887 “

114 2983 179 3082 set,
193 3007 275 3081 quae
290 2981 438 3080 vellem,
452 2975 653 3054 candorem
668 2976 734 3052 tibi
748 2975 915 3056 nostrum
931 2983 989 3057 vel
1004 2982 1082 3085 ipso
1099 2983 1224 3059 colore
1250 2981 1313 3059 suo
1336 2978 1490 3058 confessa
1512 2975 1685 3066 desideria
1698 3004 1765 3056 no-

112 3081 182 3158 stra
197 3081 386 3184 panderet,
399 3079 530 3178 quibus
547 3076 768 3176 inobsequia
786 3099 846 3156 tua
860 3083 1034 3184 rapimur.
1083 3085 1122 3162 Si
1134 3081 1209 3186 ipsa
1222 3081 1313 3160 fides
1329 3081 1409 3160 haec
1420 3079 1602 3186 scriberet,
1617 3103 1690 3180 me,
1697 3105 1765 3183 pu·

11 3273 12 3280 ἵ
112 3202 166 3284 tu,
183 3181 294 3260 rebus
312 3185 382 3260 tuis
396 3182 503 3257 unice
517 3176 801 3255 commendaret.

208 3331 267 3402 33.
292 3309 483 3412 Apostrophe.
508 3307 622 3410 Agite
637 3331 678 3382 er
732 3363 741 3380 .
792 3307 847 3386 Ite
860 3311 973 3386 litera
989 3307 1121 3386 nostrae
1135 3309 1180 3384 ad
1197 3311 1320 3386 vitum
1339 3305 1454 3385 nostri
1475 3302 1776 3382 anantiffimum..

112 3411 166 3490 ite
184 3431 294 3588 atpue
307 3409 388 3486 haec
406 3410 441 3484 ei
455 3409 495 3484 in
508 3429 650 3485 aurem:
710 3431 773 3486 eus
796 3427 849 3508 tu,
870 3406 898 3484 fi
920 3409 1010 3510 quid
1037 3431 1200 3486 curatum
1227 3410 1340 3509 velis,
1366 3409 1452 3486 huic
1473 3407 1620 3490 homini
1638 3429 1763 3483 curau-
1852 3469 1855 3478 .

113 3512 274 3592 duma

217 3667 273 3738 24.
323 3645 543 3718 naamam.
593 3641 706 3746 Nutu
728 3644 803 3719 mei
828 3641 895 3719 uu
918 3657 1002 3720 eura
1025 3640 1085 3718 eu.
1181 3639 1242 3717 utu
1261 3637 1336 3718 iu?
1385 3637 1530 3746 rogas?
1578 3622 1663 3743 quia
1686 3603 1764 3718 iu

115 3747 186 3823 lam
210 3745 305 3820 mihi
329 3747 385 3821 vis
412 3743 480 3819 effe
505 3746 559 3820 tui
577 3766 794 3841 tuarumque
819 3767 945 3820 rerum
970 3767 1103 3819 curam.
1209 3767 1271 3845 go·
1289 3764 1382 3820 vero
1407 3766 1509 3846 rogo
1536 3764 1573 3819 te
1602 3767 1680 3821 non
1707 3742 1764 3818 so·

115 3845 210 3922 lum:
261 3841 322 3920 scd
349 3844 387 3922 dc
411 3867 483 3944 pro
494 3843 575 3943 jure
593 3849 678 3918 meu
693 3841 892 3942 contendo,
907 3867 949 3923 ut
965 3846 1003 3920 in
1024 3865 1147 3920 earum
1169 3853 1311 3944 p'artem
1331 3869 1392 3920 me
1414 3843 1590 3918 admittas.
1640 3841 1763 3920 Debes

116 3947 226 4042 enim,

114 4141 177 4220 diii
205 4140 354 4222 entius?
401 4218 403 4222 ,

177 4169 267 4344 g3e
293 4247 456 4344 cmclusso.
480 4242 632 4320 Amicus
650 4222 755 4322 meus
780 4267 828 4322 es.
879 4243 985 4350 Ergo
1007 4245 1074 4346 fac,
1099 4264 1141 4322 ut
1165 4267 1202 4322 te
1224 4243 1380 4344 videam,
1415 4269 1493 4322 non
1517 4247 1679 4346 nomine,
1699 4241 1762 4321 sed

116 4361 231 4446 opere
242 4343 321 4446 ipso
337 4345 454 4420 talem.
503 4343 600 4443 Feci,
618 4346 771 4444 inquies,
786 4346 866 4445 juvi
894 4347 1027 4445 quibus
1042 4346 1160 4448 potui,
1181 4371 1232 4446 re,
1249 4371 1374 4449 opera,
1393 4345 1552 4422 consilio.
1603 4345 1675 4420 Sed
1693 4366 1761 4422 tuo

115 4442 395 4548 b0n0,·mutuus
408 4446 611 4526 amicorum
621 4469 727 4526 amor
743 4443 801 4525 est.
883 4471 954 4552 rgo
970 4449 1008 4526 ὅ(
1022 4450 1208 4552 reciproca
1222 4445 1302 4524 sunt
1319 4445 1447 4526 officia
1497 4445 1581 4524 Nifi
1595 4449 1693 4540 enim
1707 4469 1762 4520 re·

1096 2551 1108 2623 i
1123 2551 1216 2624 mihi
1232 2572 1378 2624 centum
1398 2550 1533 2649 linguae
1548 2544 1669 2644 essent,
1683 2566 1765 2620 cen·
1813 2561 1819 2570 ¹

268 3946 328 4020 uia
347 3947 503 4020 amicus:
539 3943 633 4018 veile
650 3941 778 4042 debes,
789 3945 873 4040 quia
887 3941 974 4019 fidei
994 3967 1087 4020 meae
1108 3963 1237 4020 certus.
1284 3943 1393 4045 Ejus,
1414 3963 1532 4046 puto,
1555 3967 1633 4017 non
1651 3965 1765 4041 pauca
1826 3945 1838 3972 '

115 4042 227 4122 habes
240 3969 444 4146 specimina.
496 4041 603 4146 Qud
621 4038 746 4120 euim?
796 4041 937 4120 Annon
953 4041 1095 4148 semper
1116 4043 1164 4118 ita
1180 4046 1303 4120 curavi
1322 4069 1379 4122 res
1395 4043 1483 4146 tuas,
1499 4065 1540 4122 ut
1552 4065 1621 4130 uec
1634 4066 1674 4153 tu
1688 4037 1776 4142 ipse¹

1614 4655 1618 4660 Ι
1653 4543 1762 4648 spon·
1869 4549 1873 4552 ’
