3908 5230
353 179 441 346 cap.
458 236 522 324 rr.
549 235 765 369 uetula
778 173 1143 334 taunamunruas
1159 236 1290 335 Atrea
1310 240 1465 326 muts.
1644 257 1764 351 aa,¹

76 410 252 490 mentatio
270 409 412 488 Frider.
425 411 505 513 Rap
535 412 602 488 olti
616 413 654 488 in
667 411 824 512 Satyras,
848 407 1040 513 Epistolas,
1081 409 1289 510 Artemque
1309 411 1508 518 Poeticam,
1532 419 1641 520 plane
1660 423 1737 500 exi·

75 516 160 610 mio,
177 511 228 590 est
243 510 371 590 recusa.
408 437 716 614 Suppiemeutum
730 511 1016 588 Commentariis
1035 509 1291 612 Rappoltianis
1310 511 1450 594 addidit
1472 543 1591 622 gener
1607 521 1755 616 Joach„

74 614 232 692 Fellerus
268 611 399 715 Lipsrae
419 625 516 709 1675.
531 613 617 698 in.8.
639 613 751 688 Tom.
766 612 812 686 ll.
860 611 904 687 In
917 609 987 688 Del
1018 611 1096 686 hini
1111 609 1213 686 usum
1227 611 1311 690 bina
1329 615 1411 690 vice
1428 615 1605 698 Horatius
1657 622 1732 700 &a

75 711 219 792 duobus
237 715 345 792 etiam
362 711 672 812 v³.rts,adomatus
690 710 753 810 est,
771 712 884 789 Petro
893 638 1077 787 Rondelio
1086 681 1733 818 primurn,JesuitaTolosan0‚’Tolo·

71 811 115 890 sae
139 829 244 913 1683.
260 817 298 890 in
313 827 358 913 8.,
375 835 455 892 tum
470 813 508 892 ἃ
521 837 541 890 a
553 813 703 891 Ludov.
714 810 934 914 Desprezio,
948 810 1054 888 Paris.
1072 813 1112 886 in
1126 838 1173 913 4,
1189 839 1272 912 quae
1286 811 1481 916 posterior,
1503 817 1596 917 jullu
1614 821 1730 924 Regis

69 913 252 1014 adornata,
268 917 394 1017 priore
407 915 539 992 melior
554 913 616 1013 est,
633 913 826 1013 indiceque
848 913 1016 993 omnium
1037 911 1240 988 verborum
1260 911 1410 992 audior.
1460 916 1615 996 Dudum
1634 944 1728 998 vero
1781 957 1783 960 ·

72 1015 177 1092 talem
191 1013 355 1092 Iudicem
371 1016 532 1093 coniecit
544 1015 688 1092 Thom.
701 1013 893 1112 Treterus,
911 1009 1100 1110 ediditque
1138 1011 1368 1116 Antwerpiae
1398 1043 1418 1092 a
1446 1017 1498 1094 ud
1516 1018 1728 1098 Plautinum
1776 1073 1784 1100 t

74 1123 176 1211 1576.
191 1121 232 1192 in
250 1128 302 1215 8.,
339 1139 452 1214 quem
473 1112 599 1232 postea
619 1113 791 1194 omnibus
812 1113 960 1190 Horatii
974 1111 1196 1192 editionibus
1215 1043 1512 1195 accommodavit
1523 1117 1616 1196 Dan.
1630 1121 1730 1197 Ave·

68 1237 234 1314 mannus,
253 1217 292 1292 in
309 1215 418 1316 libro,
432 1241 491 1296 eur
511 1216 829 1315 titulus,Hodogcta
846 1219 1065 1302 Horatianus,
1084 1215 1147 1312 qui
1173 1215 1290 1292 editus
1310 1214 1361 1292 est
1378 1217 1540 1296 Brunsw'
1621 1229 1730 1316 1667.

66 1316 101 1390 in
124 1333 157 1402 8.
170 1316 351 1422 oblongo.
402 1315 637 1418 paraphrases
654 1316 693 1390 in
705 1313 907 1392 Horatium
925 1311 1119 1400 ediderunt
1131 1314 1273 1392 Anton.
1294 1314 1466 1416 Cerutus,
1482 1317 1521 1395 ἃ
1566 1320 1729 1399 ilbardus

66 1413 242 1516 Lubinus,
257 1415 389 1516 quibus
405 1414 522 1496 sensus
531 1415 734 1493 verborum
746 1411 946 1494 commode
960 1415 1171 1515 explicatur.
1179 1412 1280 1492 Cum
1293 1418 1483 1496 variorum
1497 1423 1598 1498 notis
1610 1419 1730 1498 Corn·

67 1515 268 1594 Screvelius
281 1516 483 1594 Horatium
497 1513 612 1593 edidit
626 1517 681 1592 Lu
712 1513 746 1590 d.
760 1515 884 1592 Barav.
908 1519 1011 1604 1663.
1024 1515 1062 1592 in
1078 1526 1109 1601 8.
1126 1515 1371 1594 Memoranda
1383 1515 1501 1594 adhuc
1517 1519 1631 1596 editio
1644 1520 1727 1600 Ho-

67 1617 147 1694 ratii
162 1615 207 1694 ab
222 1615 339 1698 Henr.
359 1617 554 1719 Stephano
554 1537 750 1794 grofeda,
779 1614 997 1730 scholiisque
1011 1614 1050 1692 dt
1070 1639 1111 1690 ar
1164 1619 1298 1694 mentis
1314 1615 1362 1692 ab
1376 1613 1509 1696 eodem
1521 1613 1723 1700 illlustratat

67 1715 168 1816 cujus
182 1715 348 1794 secundae
366 1716 531 1817 editioni,
596 1740 722 1793 enevae
742 1731 846 1811 1588·
863 1712 969 1792 edrtae
986 1740 1026 1790 nt
1046 1727 1097 1814 8·,
1146 1715 1300 1792 iatriben
1326 1715 1459 1794 dehac
1480 1717 1539 1802 sua
1561 1719 1727 1798 editione

6 1863 7 1868 =
65 1814 212 1894 Horatii
241 1817 280 1895 ὅ(
295 1819 404 1894 variis
420 1821 461 1894 in
477 1841 564 1896 eum
579 1814 910 1914 observationibus,
922 1814 1062 1914 adjecit.
1116 1815 1250 1894 Artem
1266 1815 1500 1894 Poeticamse
1528 1823 1654 1896 ararim
1667 1845 1729 1922 pa·

6 1935 7 1942 ‘
64 1878 225 2018 taphni
244 1917 283 1993 dr
319 1915 626 2018 commentariolo
645 1939 689 1996 ex
720 1916 840 1991 licavit
877 1913 961 2009 Jon
984 1914 1185 1994 Sambucus
1203 1914 1249 1992 Α,
1266 1923 1359 2011 1564
1374 1917 1414 1992 in
1429 1929 1463 2002 8.
1479 1845 1631 1996 editam:
1658 1945 1730 1998 nee
1865 1937 1870 1944 '

6 2099 8 2108 ,
63 2041 142 2094 non
159 2017 286 2093 Fratre.
306 2015 555 2115 Robortellus,
569 2015 647 2092 Pet.
699 2013 851 2092 rilorius
877 2015 916 2090 F.
931 2012 1120 2116 Luifinius,
1135 2015 1306 2094 Vincent.
1319 2014 1484 2117 Madius,
1513 2019 1645 2098 Paulus
1661 2019 1730 2098 ue-

6 2169 8 2174 ’
61 2113 615 2314 lllrrllllrttmlllrlflm
628 2073 1729 2318 lllylrliitlllilrtl‘lliflllllllltbli·

5 2307 7 2414 j
63 2319 103 2392 in
121 2344 157 2414 4.
181 2276 416 2410 Ptbterimus
438 2241 809 2415 Thetidfapulmanni,
825 2315 909 2412 Joh.
925 2315 1126 2420 Hartungi,
1138 2317 1195 2392 M.
1209 2315 1297 2394 Ant.
1312 2317 1464 2418 Mureti,
1478 2319 1603 2396 Fratre.
1616 2247 1730 2398 Ideni:

64 2415 1731 2614 laltrlt‘llllllllltttit⁰dlelttl⁰li⁵rlrlttllltlls*llttltlillll‘

4 2606 9 2688 j
66 2618 130 2702 rici
143 2575 353 2715 Meibomii}
382 2616 474 2692 liber
495 2611 732 2712 doiiiffimus,
750 2614 789 2692 bt
811 2615 875 2712 qui
890 2611 937 2689 ad
955 2611 1106 2688 Horatii
1118 2637 1159 2688 ac
1175 2617 1369 2712 aequalium
1381 2616 1577 2694 Poetarum
1592 2622 1732 2698 intelle·

5 2713 11 2784 ἶ
66 2713 166 2794 stum
180 2715 279 2794 haud
296 2739 427 2818 parum
449 2713 544 2794 facit.
594 2715 680 2790 Nee
700 2712 775 2790 sme
795 2739 834 2790 m
883 2737 934 2788 no
948 2709 1070 2788 frudiu
1090 2715 1197 2788 etiam
1216 2713 1450 2792 amoenillrma
1471 2715 1618 2794 Horatii
1640 2743 1727 2796 cum

4 2812 9 2882 ,'
64 2815 225 2896 Pindaro
240 2815 468 2918 comparatio
483 2816 558 2932 legi
573 2812 705 2917 potest,
720 2838 831 2911 quam
885 2812 989 2888 allieo
1007 2809 1179 2888 sermone
1197 2809 1338 2914 scripfit
1355 2811 1480 2892 Fratre.
1502 2815 1730 2918 blondellus,

4 2919 6 2992 ζ
67 2915 253 3017 ediditque
270 2913 373 2994 Parit
396 2923 435 2994 16
466 2941 496 3009 3.
513 2942 553 2992 m
573 2941 637 3015 12,
655 2915 694 2992 ἃ
709 2939 826 3014 quaea
847 2913 993 2991 Batavis
1005 2911 1137 3012 recusa,
1150 2913 1393 3015 utplurimum
1407 2913 1727 3017 Rapinianiscom·

4 3021 7 3028 '
66 3018 315 3117 putationibus
334 3015 420 3094 addi
435 2942 539 3115 bret,
558 3018 733 3094 nimimm
758 3013 810 3092 ob
829 3015 991 3093 materiae
1013 3033 1123 3115 atque
1142 3011 1359 3092 eruditionis
1409 3017 1571 3094 nitatem
1592 3015 1726 3094 fimilli·

4 3121 6 3128 ’
65 3143 131 3194 ma.
183 3119 323 3196 Aliuse
340 3117 467 3216 Galba,
484 3117 557 3205 Vir
577 3111 847 3215 eruditillrmus,
873 3113 992 3190 Andr.
1012 3109 1200 3213 D'aeerius,
1215 3112 1347 3214 Annae,
1409 3140 1512 3216 amq.
1538 3117 1645 3195 Fabri
1659 3117 1729 3196 do·

5 3221 6 3226 '
66 3215 224 3298 uiffimae
239 3216 336 3316 filiae,
348 3221 515 3316 maritus,
533 3217 734 3294 Horatium
752 3217 790 3292 in
803 3215 1039 3293 vemaculum
1061 3209 1270 3290 sermonem
1289 3212 1496 3316 transfudit,
1511 3218 1550 3295 dt
1569 3245 1649 3296 non
1670 3215 1727 3296 so·

66 3315 153 3420 lum,
172 3321 210 3396 in
226 3319 453 3424 praefigenda
467 3320 638 3397 uberiore
650 3317 729 3394 vita
741 3314 973 3415 Horatii,seri
1004 3332 1203 3414 torumque
1219 3311 1307 3390 serie
1318 3313 1422 3414 juxta
1437 3338 1653 3420 temporum
1669 3345 1726 3396 ra·

65 3421 182 3498 tiones
197 3419 422 3519 collocanda,
440 3441 639 3523 occupatus
659 3415 740 3516 fuit,
755 3414 817 3494 sed
833 3417 872 3494 dt
890 3339 1113 3516 ampiillrmis
1135 3415 1407 3490 commentariis
1433 3415 1484 3491 ita
1503 3441 1723 3498 exornatum

65 3515 174 3622 dedit,
190 3543 234 3598 ut
247 3543 315 3596 nee
333 3543 470 3596 vocum
487 3519 765 3624 figurarumque
780 3517 820 3594 ur
836 3513 1087 3620 epithetorum
1105 3510 1223 3588 sedula
1237 3511 1423 3613 enodatio,
1437 3538 1504 3591 nec
1516 3513 1723 3596 sensusalle·

92 3622 181 3704 orici
197 3619 380 3718 evolutio,
402 3641 523 3718 neque
543 3619 637 3698 adeo
651 3616 697 3694 ad
712 3617 915 3700 verborum
927 3635 990 3692 aut
1007 3613 1094 3688 artis
1106 3634 1152 3688 ex
1181 3613 1388 3690 licationem
1406 3617 1612 3718 quicquam,
1639 3619 1723 3718 jure

65 3641 258 3802 desiderari
277 3717 395 3822 poffit.
444 3715 876 3798 Prodiitvoluminosum
899 3739 996 3817 opus
1018 3713 1130 3790 tomis
1147 3637 1190 3786 H.
1210 3711 1315 3828 Parii
1334 3713 1481 3812 1691.A
1538 3718 1615 3796 licis
1629 3719 1725 3796 Ver·

66 3814 157 3898 libus
176 3822 396 3905 Horatianus
411 3818 528 3919 Odas,
548 3821 587 3898 dt
603 3821 738 3898 librum
752 3817 932 3922 Epodon,
953 3815 1095 3894 Thom.
1110 3810 1306 3915 Htwkms,
1319 3813 1359 3892 dt
1375 3815 1493 3894 Henr.
1542 3815 1645 3914 'dder
1661 3841 1724 3896 ex·

68 3921 281 4022 prellerunt,
297 3919 460 3998 Londini
477 3922 672 4022 aliquoties
686 3917 810 3996 editas.

165 4123 340 4202 Alterum
355 4114 504 4226 Virgilii
516 4121 607 4200 latus
622 4144 778 4226 occupet
787 4119 875 4234 jam,
888 4116 963 4216 qui,
977 4137 1048 4217 per
1062 4113 1272 4218 complures
1285 4114 1448 4190 annosin
1463 4112 1523 4192 Au
1552 4113 1721 4218 ullilmp.
1741 4121 1789 4192 16

70 4220 145 4298 aula
158 4247 263 4325 aeque
280 4246 405 4328 gratus
419 4247 501 4298 acce
531 4245 676 4322 rusque,
690 4221 837 4298 tandem
852 4215 992 4296 lmistro
1008 4214 1071 4291 fati
1083 4215 1280 4294 acerbioris
1295 4211 1410 4290 fidere
1423 4215 1461 4290 in
1478 4239 1524 4292 ex
1552 4219 1626 4292 'um
1642 4217 1724 4318 pul·

69 4315 197 4424 susest,
222 4326 264 4402 P.
289 4249 548 4406 Ovlultls
573 4321 739 4400 NASO
768 4321 943 4424 ¹Scriptor
959 4313 1184 4414 tersrllimus,
1215 4315 1401 4429 &merito
1416 4317 1512 4430 aetati
1534 4341 1650 4393 aureae
1665 4341 1722 4430 ac·
1770 4360 1792 4378 --

70 4421 275 4530 reddendus,
291 4421 464 4523 quicquid
478 4423 588 4502 etiam
602 4383 851 4501 contradicant
865 4423 934 4519 alii,
952 4413 998 4493 ad
1019 4437 1229 4520 argenteam
1237 4415 1360 4528 illum,
1374 4437 1449 4514 qua
1465 4438 1517 4514 vt,
1539 4441 1610 4515 qua
1631 4419 1722 4516 inju-

70 4539 130 4624 rta,
143 4529 335 4630 rapientes.
383 4525 476 4604 Sane
484 4523 650 4606 Veneres
662 4525 842 4604 omnesin
856 4519 1042 4606 Ovidium
1050 4513 1151 4618 quast
1163 4511 1508 4617 conmutatadeo
1516 4538 1618 4598 totus
1628 4517 1723 4632 mol·
