3970 5236
618 261 704 376 Cap.
727 265 773 351 tt.
800 268 860 347 De
872 203 1044 351 curriculo
1048 264 1263 380 sclolastito.
1667 247 1748 379 447

92 423 161 506 His
178 414 252 527 iarn
279 434 509 538 prtemunitis
531 437 576 514 ad
601 437 714 541 ipsam
737 439 1033 534 Grammatieam,
1057 447 1122 542 qui
1142 429 1321 524 secundus
1345 447 1457 525 totius
1485 429 1745 552 neopumu'un

90 529 188 606 acius
204 528 265 627 est,
280 534 537 634 progreditur:
563 539 690 636 inqua
707 561 827 617 tamen
841 543 951 618 nimis
971 542 1222 648 scrupulosum
1236 548 1395 622 tironem
1412 547 1516 624 sirum
1531 549 1599 624 elle
1621 569 1738 643 vetat3
1847 633 1849 641 ,
1969 611 1970 618 1

91 634 134 706 ira
152 651 194 705 ut
215 653 259 706 ex
284 629 346 706 usu
371 637 495 733 potius
515 639 552 714 dt
573 637 731 716 lediione
754 638 819 715 fibi
842 641 1104 720 Grammaticos
1128 643 1399 722 oblatrationes
1418 646 1568 745 formet,
1584 669 1737 745 ,quame
1775 697 1781 706 -

15 739 16 744 ‘
90 740 343 818 Grammaticis
358 744 518 825 Antores
533 749 697 850 explicet.
776 753 869 833 Utile,
884 751 1012 851 inquit,
1027 754 1075 848 esi,
1084 753 1142 852 sali
1160 757 1406 842 &immutetur
1424 758 1743 857 coagonmtarehuun

87 853 117 920 in
128 851 263 923 niodum.
315 855 424 926 Primo
438 857 488 927 illo
500 858 756 956 rudimentajatn
777 857 961 960 opprelnrjir
979 869 1013 930 in
1033 859 1111 934 libro
1129 863 1185 936 hos
1205 863 1250 936 od
1263 863 1335 962 ufirr
1353 865 1474 964 qunssto
1492 887 1552 965 per
1569 867 1734 938 intervallo

88 957 128 1033 ὅ
146 961 209 1030 loto
221 961 434 1034 diducuntur:
455 969 542 1062 tituli
556 975 780 1068 exceptionum,
795 969 1064 1065 heteroclfiomm
1078 971 1223 1072 cllipfieau,
1236 971 1427 1072 figurarum,
1455 973 1612 1044 orclimlur
1631 993 1738 1046 nmo·
1775 1006 1780 1016 ·
1842 963 1849 970 ’

15 1155 16 1160 ¹
84 1069 171 1172 girino
187 1070 364 1168 nrouflrotis
384 1066 596 1178 disponantur,
615 1073 659 1150 ὅ*
670 1077 771 1176 poflea
790 1078 1041 1180 depromptir'ex
1059 1075 1170 1152 erutor-e
1193 1083 1238 1153 od
1255 1084 1475 1156 declarandum
1486 1083 1615 1184 fitmpto
1630 1109 1735 1156 exenio

82 1183 137 1281 plis
155 1183 379 1283 computentur.
428 1186 526 1283 ¹Quod
545 1183 672 1280 ubifirt,
688 1187 787 1258 moulto
800 1195 918 1258 minore
931 1213 1002 1260 curn
1017 1192 1105 1262 tudio
1120 1217 1175 1262 arr
1193 1191 1282 1288 isloa
1303 1219 1486 1294 quoacunque
1510 1219 1571 1265 non
1593 1212 1659 1265 tum
1683 1195 1731 1266 di·
1763 1215 1769 1238 l

80 1287 188 1388 stetur,
205 1317 302 1392 priam
316 1299 501 1380 inuenietur,
516 1291 560 1370 if
574 1293 724 1398 perbrevi
737 1305 884 1398 temporis
888 1295 992 1400 spatio
1009 1326 1060 1371 ros
1074 1305 1289 1374 &oriturutico
1293 1295 1423 1397 felicius
1431 1301 1663 1404 porditum&
1668 1303 1730 1398 fir·
1820 1365 1824 1376 .

86 1407 157 1470 arius
171 1399 329 1472 tenebitur
337 1430 352 1486 ,-
374 1409 500 1506 qusque
506 1403 641 1500 srulius
659 1407 847 1476 cumulatior
860 1407 922 1506 ipstr
935 1413 968 1476 in
988 1427 1076 1510 oport
1088 1415 1240 1509 capietur.
1317 1413 1381 1481 Nec
1404 1411 1478 1482 adeo
1492 1413 1612 1506 reseret
1627 1421 1732 1484 omniu

84 1503 119 1578 ibi
130 1511 282 1610 exempla,
295 1529 353 1583 out
366 1513 473 1612 aliqua
490 1531 619 1613 reponat
626 1539 639 1583 .·
665 1514 753 1613 quod
765 1540 782 1582 e
796 1513 946 1584 nonnullis
958 1515 1065 1614 pofitis
1081 1516 1414 1618 reliquofocilepqffint
1423 1521 1568 1616 uslimori.
1618 1517 1745 1593 Phra⁸¹

86 1615 256 1720 seologias
269 1617 314 1694 ab
334 1613 408 1696 aliis
423 1621 652 1710 concinnatas
673 1646 751 1697 non
776 1621 933 1696 multum
956 1621 1122 1700 adulam
1143 1649 1348 1726 puerorum
1377 1627 1620 1725 commendat,
1646 1648 1729 1704 utut

15 1809 16 1812 Ἴ
88 1725 202 1825 bonas,
219 1726 261 1802 ἃ
280 1726 533 1806 avirisdoliis
548 1727 746 1830 congestas.
803 1727 928 1804 'Cum
956 1733 1054 1806 enim
1077 1730 1249 1808 formulae
1272 1733 1310 1810 ὅ(
1351 1734 1468 1812 hrases
1486 1737 1556 1810 illic
1571 1727 1763 1812 infinitae*

15 1841 16 1860 ¹
84 1849 273 1927 ponantur,
290 1850 374 1924 quae
393 1847 513 1904 tamen
537 1828 754 1927 plerumque
777 1831 876 1906 maol
895 1829 932 1906 cl
961 1830 1143 1930 dicuntur,
1169 1834 1206 1908 ὃ(
1230 1855 1299 1909 con
1315 1833 1517 1912 ideratione
1540 1835 1600 1912 seu
1623 1839 1726 1934 χέσω

85 1947 187 2020 certa3
212 1949 296 2002 non
309 1924 412 2024 polle
430 1928 586 2028 apueris
599 1950 722 2001 earum
736 1927 838 2004 usum
853 1928 1049 2026 dijudicari.
1117 1931 1243 2035 Quare
1264 1931 1462 2032 phrases&
1485 1933 1660 2012 formulas
1674 1959 1721 2010 ex

82 2026 129 2123 iis,
142 2047 241 2123 quos
259 2025 360 2128 legit,
374 2024 578 2101 Auroribus
597 2025 817 2128 colligendas
844 2031 965 2127 potius
980 2026 1116 2128 suadet„
1129 2055 1239 2129 quam
1267 2053 1308 2108 nt
1327 2031 1445 2107 alieno
1466 2032 1593 2110 labore
1615 2035 1720 2130 colle·

85 2125 303 2202 uuunmr..
358 2126 443 2200 *ln
459 2124 589 2222 quibus
608 2125 811 2210 Autoribus
824 2123 991 2203 Plautum
1009 2127 1180 2206 Ciceroni
1196 2129 1388 2230 praetulille
1401 2135 1529 2230 miror,
1545 2158 1628 2208 nam
1651 2133 1721 2209 Ra·
1739 2153 1782 2226 15

84 2227 128 2299 rui
141 2223 328 2302 erroribus
356 2225 461 2300 etiam
482 2224 550 2302 hac
570 2227 609 2299 in
633 2249 673 2300 re
699 2227 793 2300 male
808 2225 1053 2326 adstipulatur,
1068 2253 1109 2304 ac
1127 2231 1234 2329 plane
1249 2233 1371 2330 inepte
1384 2230 1535 2331 judicat,
1552 2257 1635 2308 cum
1658 2231 1720 2310 Ci-

15 2353 17 2400 r
84 2327 213 2400 caronis
229 2349 343 2422 quam
357 2323 473 2398 Plauti
487 2322 616 2424 scripta
633 2323 792 2400 faciliore
808 2350 892 2400 cum
909 2327 1087 2403 latinitatis
1100 2327 1236 2426 jaliura
1256 2328 1392 2404 aboleri
1440 2329 1512 2405 olle
1533 2331 1721 2408 existimat.

15 2403 17 2516 ζ
83 2423 207 2524 Neque
221 2423 324 2499 enim
345 2419 497 2500 latinitas
511 2443 619 2498 tame
638 2424 839 2522 uocabulis,
862 2449 1022 2522 quorum
1039 2428 1195 2528 amplior
1209 2426 1310 2529 seges
1326 2429 1366 2502 in
1378 2355 1507 2504 Plduto
1521 2429 1582 2528 est,
1608 2455 1718 2531 quam

15 2517 17 2580 l
84 2547 123 2598 ex
145 2517 422 2610 decentello&
436 2522 534 2602 civili
546 2523 644 2598 cultu
660 2521 844 2600 censenda.
919 2523 1018 2598 Cum
1039 2524 1114 2600 hoc
1143 2524 1265 2600 labore
1285 2525 1420 2622 aliquid
1435 2527 1613 2606 Ovidiani
1643 2547 1716 2606 car·
1794 2567 1797 2573 ·

83 2626 177 2700 nanis
185 2618 422 2726 jungendum
433 2619 504 2697 elle
520 2619 706 2698 existimat.
806 2624 826 2666 a
852 2621 984 2698 Tertio
1012 2622 1106 2720 aliu,
1132 2627 1196 2720 qui
1213 2625 1355 2705 Graecae
1380 2625 1428 2700 lin
1459 2651 1515 2700 uae
1537 2629 1574 2702 ἃ
1596 2627 1787 2728 Diale-16x

82 2720 176 2800 ilices
195 2723 488 2820 Rhetoricesque
515 2723 729 2824 cognitione
753 2722 803 2796 illi
826 2720 1035 2819 absolvitur,
1059 2721 1218 2798 limilirer
1244 2723 1413 2798 Graecam
1463 2729 1717 2803 'rammatieam

82 2821 198 2899 rudem
214 2823 255 2900 ὃ(
272 2821 478 2897 inchoatam
492 2823 654 2923 primum
668 2822 833 2921 requirit,
850 2821 1078 2917 quamaltera
1094 2823 1228 2920 excipit
1248 2819 1372 2922 postea
1394 2822 1548 2922 plenior.
1622 2825 1715 2901 Eam
1827 2857 1830 2867 ·

15 2917 17 2926 '
83 2920 254 3022 duplicem
283 2943 433 3020 quoque
459 2919 518 2994 ille
542 2918 664 3017 habet,
691 2942 800 3004 unam
824 2918 1032 3020 prosaicam,
1060 2921 1207 2997 alteram
1229 2923 1429 3020 metricam.
1523 2923 1585 3000 illa
1600 2949 1714 3008 ,com-

82 3045 218 3098 munem
241 3019 406 3122 linguam
420 3020 560 3119 tradet,
593 3015 1025 3117 .haec'dialelios,quibus
1039 3043 1162 3122 poetae
1182 3043 1348 3119 utuntur,
1375 3019 1421 3096 de
1449 3022 1579 3121 quibus
1601 3026 1723 3101 multu
1767 3075 1771 3082 -

80 3121 240 3198 inmiscet
267 3117 423 3194 erudita:
462 3117 531 3194 luit
545 3120 641 3194 enirn
665 3118 807 3194 Graecae
830 3119 1022 3196 literaturae
1044 3118 1290 3222 perintimus,
1312 3133 1352 3196 ut
1375 3120 1653 3198 Commentario
1673 3127 1715 3202 in

79 3220 109 3292 A
135 3223 313 3298 ollonium
330 3215 496 3294 ostendit
598 3217 696 3320 Quae
711 3217 757 3294 de
770 3217 974 3294 Dialeliicis
997 3245 1114 3320 porro
1142 3221 1240 3393 apud
1270 3220 1370 3298 illum
1389 3221 1578 3320 habentur,
1606 3221 1714 3300 Rami

80 3319 116 3394 Sc
165 3323 234 3398 lam
250 3320 402 3420 sapiunt
416 3317 515 3416 eujus
531 3318 588 3394 ille
601 3318 763 3418 partibus
781 3316 962 3406 addistior
977 3319 1055 3396 luit.
1104 3320 1147 3396 In
1197 3320 1369 3395 hetoricis
1391 3323 1626 3396 variationem
1642 3317 1715 3422 per'

80 3415 199 3520 figuras
217 3423 256 3498 ἃ
273 3417 537 3519 Aphthoniana
549 3415 873 3518 progymnasmata
887 3418 1120 3494 commendat
1127 3443 1138 3510 3
1175 3439 1283 3514 atque
1297 3422 1344 3524 ita
1362 3449 1363 3453 ¹
1379 3419 1592 3521 discipulum
1606 3421 1713 3498 suum

81 3541 164 3598 auno
189 3518 472 3599 decimotertio
498 3517 544 3593 ad
565 3507 861 3616 §minutulum
884 3538 1000 3594 totam
1012 3517 1166 3617 aliasque
1180 3515 1340 3595 scientias
1355 3517 1506 3622 ablegat.

164 3719 314 3832 ilerum
324 3717 538 3834 praestatur
550 3719 622 3817 jam
638 3741 725 3798 ante
738 3717 827 3816 dixi,
841 3719 878 3792 in
899 3715 1040 3833 Sehplis
1059 3714 1213 3817 publicis
1229 3739 1308 3792 non
1327 3737 1399 3792 tam
1422 3715 1536 3828 breve
1550 3703 1715 3842 'spatium
1729 3757 1773 3832 17

79 3815 773 4021 lilti‘utlllilltfssllli
784 3813 1401 4016 inilliffitiitlllll·
1427 3819 1713 3995 titillatu
1727 3928 1769 4000 a

78 4009 280 4092 Scholarum
301 4017 534 4122 Oeconomia
545 4017 752 4092 adornanda
760 4019 892 4091 mnam
905 4012 1176 4112 indutu-lampa
1187 4014 1260 4106 iam
1276 4014 1380 4129 supra
1396 4014 1709 4130 diximuslprruu·

79 4130 132 4188 urs
144 4115 330 4194 Sruaurus
345 4115 517 4214 ostendit,
531 4116 631 4214 cujus
648 4115 802 4192 consiliis
824 4116 1008 4216 pleraeque
1029 4139 1097 4214 per
1120 4113 1353 4188 Germaniam
1370 4115 1512 4228 Sclrolae
1526 4115 1707 4192 inllltutae.

76 4207 209 4313 Scripsit
223 4219 254 4292 is
273 4215 397 4318 primo
412 4215 546 4290 librum
561 4215 608 4290 de
626 4217 713 4288 Ludo
728 4219 868 4288 literaria
884 4215 1243 4314 ruotpertumque
1265 4233 1467 4315 generatim
1490 4211 1535 4286 de
1555 4239 1594 4288 re
1609 4213 1708 4289 scho-

77 4305 180 4389 lastica
192 4317 283 4417 egit,
297 4315 388 4402 &in
401 4337 519 4392 certos
533 4312 680 4390 ordines
693 4313 836 4390 labores
852 4309 1078 4390 scholasticos
1095 4309 1290 4415 distinguit.
1339 4312 1471 4412 Incipit
1486 4310 1707 4427 apostremo

78 4409 206 4512 ordine,
232 4417 299 4512 qui
310 4412 379 4516 ipfi
397 4438 516 4491 nonus
531 4411 590 4489 est.
640 4413 1064 4511 Adillumsubquintum
1077 4410 1501 4488 sentumveannumduct
1516 4413 1708 4512 rubctpue·

78 4507 196 4616 ulum,
209 4535 253 4598 ut
264 4514 388 4620 legere
399 4513 625 4615 sermoneque
641 4511 763 4620 dileat,
773 4511 944 4596 breviore
958 4510 1204 4614 Catechilmo,
1219 4508 1438 4589 flexionibus
1457 4514 1651 4588 nominum
1667 4510 1706 4585 dr

553 4629 560 4640 ·
1007 4623 1013 4630 ’
1627 4631 1712 4688 ver·
1789 4638 1794 4652 ¹
