3984 5234
269 303 343 380 390
736 215 738 223 '
824 261 987 372 rtotytrfl.
1021 265 1178 346 rann.
1228 261 1374 342 unu.

206 477 253 552 ²5
403 442 632 545 Nupetrit'ne
665 437 820 514 eandem
859 433 1063 512 dostrinam
1113 433 1182 509 Ts
1200 453 1285 507 cit-1
1302 457 1326 506 n
1343 455 1373 506 u
1392 453 1553 508 usust
1570 455 1655 530 us,
1707 429 1923 506 Academiae

244 577 248 584 ·
265 539 506 626 Seie'ntiarunt
520 537 718 616 Parilicnsts
734 534 961 633 membntm,
1000 534 1076 630 via,
1099 531 1220 630 quoad
1231 529 1313 635 ‘fieti
1326 553 1489 632 poterat,-
1518 531 1687 632 expedita
1704 529 1925 606 &accurata

245 641 476 752 ‘'proposuit,
490 635 675 740 nifiquod
691 655 859 711 veterum
874 651 1058 734 praecepta
1076 633 1182 731 piane
1203 629 1363 731 seponat,
1387 627 1562 730 suumque
1583 631 1737 704 mnnino
1762 625 1924 738 dudum

247 747 461 848 siequatutz·
503 738 603 835 cujus
642 753 760 812 tamen
778 729 1154 837 *Regulae'Generales
1182 730 1220 805 dt
1238 755 1322 804 cum
1345 727 1559 806 Cartestunis
1578 729 1616 804 ἃ
1629 753 1716 802 cum
1730 724 1815 828 ipsrs
1835 727 1925 802 Ari-

211 847 215 855 “
272 845 454 937 stotelicis,
483 861 570 934 quas
592 833 809 909 Guntherus
834 825 1022 932 expteffit,
1062 831 1100 904 in
1123 829 1246 904 multis
1272 828 1505 903 conveniunt.
1579 827 1681 902 Libri
1702 825 1826 902 titulus
1847 825 1925 902 e'st:

273 947 430 1020 Medicina
442 944 564 1019 intutis,
576 936 640 1032 stur
653 939 959 1030 centumgemini
975 933 1101 1028 Lagicae,
1126 936 1159 998 in
1179 953 1243 1030 qua
1257 925 1413 1024 differitas·
1428 927 1467 998 dt
1482 929 1634 998 niniati
1654 927 1818 1026 detegendi
1838 935 1925 1000 irco-

267 1055 376 1149 gnitas
389 1046 548 1111 veritates.
599 1031 728 1106 Editus
757 1053 860 1104 veto·
875 1027 925 1102 eii
946 1024 1210 1102 Amstelodami
1239 1033 1343 1119 1687.
1368 1049 1410 1100 ac
1437 1025 1533 1127 Regi
1555 1024 1683 1102 Gallia
1715 1023 1923 1126 inscriptus.

98 1121 101 1135 ι
209 1153 257 1218 26
272 1153 293 1196 *
309 1133 430 1218 Prima
470 1153 546 1208 arte
559 1133 634 1205 anit
652 1129 698 1203 de
713 1127 834 1227 tausis,
847 1150 930 1224 quae
946 1150 1017 1202 nos
1044 1128 1081 1200 in
1094 1127 1226 1202 uarios
1249 1147 1392 1198 errores
1420 1121 1623 1218 deducunt,
1650 1121 1742 1221 quid
1763 1143 1838 1224 pro
1868 1127 1925 1200 tie

272 1266 342 1321 nos
356 1160 509 1312 deleget
525 1230 565 1306 dt
578 1197 811 1326 {uamvariae
827 1223 896 1300 iint
910 1226 1005 1299 cirea
1017 1225 1098 1320 iila,
1130 1247 1213 1320 quae
1228 1221 1423 1320 deleiiant,
1451 1220 1706 1324 deceptiones,
1756 1149 1866 1320 quod
1879 1223 1926 1300 stt

270 1338 438 1418 omnium
453 1323 728 1406 constantissima
743 1323 933 1400 deieiiatio
948 1325 1108 1422 veritatis
1126 1319 1297 1418 detritio,
1311 1343 1417 1416 atque
1440 1320 1546 1416 hujus
1563 1322 1625 1396 via
1643 1345 1711 1422 pet
1731 1346 1802 1398 nos
1820 1321 1925 1424 ipsos

257 1435 433 1515 ‘indauari
446 1425 566 1531 pofftt.
613 1425 719 1498 Parte
732 1421 885 1498 secunda
896 1421 983 1496 artis
995 1419 1207 1496 inveniendi
1220 1421 1398 1523 generalia
1420 1441 1603 1521 praecepta
1616 1422 1798 1522 proponit
1844 1423 1927 1519 qui-

270 1539 340 1612 bus
354 1501 467 1629 idjuti
480 1545 667 1621 nunquam
680 1523 719 1595 in
733 1519 815 1596 falsa
829 1518 1040 1615 incidamus,
1058 1518 1118 1593 sed
1134 1521 1257 1620 potius
1272 1520 1462 1593 veritatem
1484 1516 1627 1619 semper
1646 1531 1747 1594 certo
1767 1481 1926 1618 assequa-

270 1657 375 1727 mur;
422 1626 527 1722 adeo,
543 1644 584 1698 ut
602 1618 697 1696 hisce
710 1617 840 1694 mediis
852 1618 988 1716 absque
1001 1619 1063 1696 illo
1080 1641 1205 1692 errore
1219 1618 1367 1692 ulterius
1382 1615 1560 1720 progredi
1579 1616 1767 1720 poffimus',
1803 1622 1926 1696 conti-

272 1759 349 1811 nuo
377 1727 431 1806 &2
450 1743 623 1824 quantum
660 1718 768 1794 nobis
796 1717 943 1820 iibuerit
963 1714 1125 1817 ⁴semper
1144 1739 1242 1793 nova
1256 1713 1479 1818 detegendo,
1501 1711 1656 1792 simodo
1671 1715 1761 1793 adsit
1776 1721 1926 1797 mimus

224 1865 228 1872 ·
275 1835 314 1907 dt
332 1829 411 1906 satis
427 1825 609 1922 temporis
623 1817 730 1894 nobis
747 1813 897 1916 superfit
912 1776 959 1891 ad
976 1812 1118 1890 nosmet
1135 1811 1232 1915 ipsos
1248 1813 1294 1890 ad
1311 1813 1351 1890 id
1365 1810 1523 1889 studium
1537 1813 1786 1916 applicandos,
1805 1813 1927 1916 idque

272 1931 410 2029 exiguo
426 1922 562 1996 labore.
611 1913 784 1993 Excludit
799 1915 859 1988 hic
871 1917 995 2014 ptimo
1009 1913 1261 2016 cognitionem
1277 1915 1393 2010 iiiam,
1419 1914 1592 2011 qualisex
1611 1915 1719 1992 Locis
1739 1913 1926 1994 Commu-

273 2017 672 2120 nibus,.atteLulliana,
686 2011 997 2111 praedicamentis,
1035 2013 1145 2088 Locis
1161 2013 1224 2088 To
1253 2015 1335 2110 icis,
1371 2013 1596 2116 Florilegiis,
1635 2011 1686 2090 d'e
1696 2039 1738 2090 re
1753 2015 1926 2114 aliquam

304 2143 454 2221 ompam
467 2118 593 2218 potius
612 2111 964 2192 &admirationcmi
1018 2113 1201 2189 orantium
1268 2115 1356 2186 utiri
1377 2112 1415 2187 dt
1433 2117 1599 2214 ptoponi
1618 2112 1724 2190 solet:
1776 2127 1850 2213 qua
1869 2118 1926 2191 ni-

271 2151 327 2298 Bu
342 2217 464 2300 solidat
481 2215 643 2290 veritatis
658 2207 899 2323 indagabitur,
922 2209 957 2284 se
996 2209 1122 2284 millies
1139 2209 1183 2284 ab
1198 2212 1271 2286 aliis
1286 2209 1379 2285 dista
1389 2234 1657 2312 ,recoquentun
1678 2215 1786 2290 vatiis
1813 2216 1926 2291 etiam

209 2345 259 2418 27
276 2318 395 2396 dubiis
420 2315 459 2392 ὃ(
480 2305 738 2387 controversiis
757 2329 901 2382 incerta.
968 2306 1107 2384 *Cum
1129 2331 1222 2410 ergo
1241 2306 1337 2383 solos
1355 2309 1634 2388 Mathematicus
1654 2313 1767 2390 nttllas
1788 2311 1927 2392 fovere

146 2430 149 2440 “
276 2409 542 2496 controversias
557 2407 711 2505 videret,
733 2427 877 2505 aureas,
907 2403 934 2479 st
961 2431 1043 2504 quac
1067 2428 1289 2509 exurgerent
1332 2404 1449 2483 statim
1469 2413 1648 2510 componi
1672 2410 1747 2488 hoc
1781 2411 1925 2490 indicio

273 2509 565 2622 judicabat,-hos
587 2507 684 2583 solos
705 2526 913 2606 exoptatam
934 2502 1154 2580 methodum
1177 2466 1345 2607 arrigite·
1369 2507 1460 2583 'Illis
1486 2530 1525 2583 er
1553 2533 1578 2586 0
1596 2507 1721 2588 studiis
1746 2509 1782 2588 it
1804 2513 1926 2613 appli-

278 2618 365 2710 cuit,
380 2631 437 2686 'ut
461 2607 615 2706 videret,
641 2629 757 2680 unum
783 2602 882 2679 idern
915 2605 1058 2680 mutatis
1079 2603 1260 2680 mutandis
1286 2607 1329 2682 in
1358 2607 1433 2682 aliis
1452 2630 1504 2706 po
1533 2630 1562 2686 rt
1588 2609 1746 2686 obtineri
1753 2636 1765 2704 3
1814 2611 1927 2709 quod

211 2733 257 2801 28
273 2711 340 2816 ipii
357 2705 550 2786 fcliciffime
566 2703 730 2780 succeffit.
758 2707 801 2760 -*
816 2701 1017 2804 Algebratn
1039 2703 1152 2804 igitur
1172 2705 1334 2802 primum
1355 2703 1460 2803 adiit,
1479 2705 1525 2780 de
1556 2732 1628 2805 qua
1646 2710 1716 2786 ita:
1766 2737 1839 2782 cum
1856 2739 1927 2812 ega,

113 2859 117 2867 ·
176 2849 184 2862 κ
274 2837 369 2915 qrtam
383 2829 505 2881 veteres
517 2800 692 2902 Algebrm,
707 2809 893 2874 recemum
908 2827 984 2874 veto
999 2801 1311 2902 Anulystnspcct'osam
1328 2825 1452 2889 vocant,
1467 2807 1542 2878 miii
1565 2807 1787 2908 contparaffmt,
1805 2827 1927 2910 magnit

275 2935 344 2984 mea
363 2906 561 2980 dentitione
575 2899 779 2998 officiium,
796 2897 839 2976 δῖ
853 2901 941 2999 quod
953 2898 994 2971 ibi
1000 2909 1216 3000 promittitur,
1241 2926 1302 2972 non
1307 2901 1392 3000 salso
1406 2903 1534 3000 jauari,
1556 2904 1599 2980 ὅ
1615 2933 1728 2980 reuera
1741 2910 1816 3010 plus
1835 2917 1870 2980 iu
1886 2935 1926 2982 ea

270 3009 419 3111 prestari,
438 3025 534 3102 quam
547 2997 677 3069 michae
693 2999 753 3068 uda
762 2999 819 3098 spe
832 3019 1038 3098 cmcperam.
1085 3001 1176 3072 Licet
1187 3001 1376 3096 verosiatin
1392 3027 1453 3074 nott
1462 3012 1621 3104 potraerim
1637 3007 1821 3110 perspicere,
1842 3033 1924 3108 qua-

276 3107 367 3178 modo
380 3103 462 3172 idem
475 3105 509 3168 in
526 3093 662 3167 omnibus
675 3099 743 3167 aliis
748 3096 887 3193 scientiis
898 3095 984 3194 poffit
999 3095 1092 3192 efficis
1140 3107 1214 3199 quia
1229 3117 1332 3172 tamen
1355 3125 1405 3174 mc
1429 3103 1588 3184 habimus-
1648 3108 1782 3203 stantior
1799 3106 1926 3180 latebat

274 3200 448 3283 methodus,
470 3206 505 3268 in
527 3195 585 3266 iac
606 3201 761 3294 ingenium
782 3219 885 3266 metim
907 3197 1031 3268 colendo
1054 3186 1313 3294 uehentttittrsui
1326 3220 1500 3302 occupatur.
1554 3127 1665 3276 Uffeo
1689 3207 1819 3307 drtuque
1841 3230 1924 3308 pro·

269 3300 388 3404 graffiis
408 3321 504 3379 narn,
529 3295 733 3394 tttqucrtdam
752 3293 951 3368 advmtrem
971 3291 1120 3378 habitum,
1146 3311 1212 3368 tam
1235 3305 1268 3366 in
1288 3297 1444 3395 solumdir
1466 3309 1505 3372 iis
1532 3302 1762 3400 difficaltatt'bus
1788 3303 1827 3376 ai
1850 3309 1925 3376 aliis

274 3401 352 3474 miii·
363 3395 534 3498 propofitt't,
557 3417 654 3491 quum
676 3399 772 3492 preci
791 3417 828 3462 uc
841 3399 874 3462 in
886 3397 934 3473 iis,
958 3419 1036 3492 quas
1053 3394 1130 3466 miii
1150 3393 1210 3496 gift
1222 3398 1459 3490 formaveram,
1482 3409 1621 3474 intinrt'us
1635 3402 1793 3501 secretam
1813 3407 1924 3502 ,imru

275 3496 413 3572 nariodi
426 3511 574 3564 naturam
582 3413 795 3588 perlustrandi
807 3498 924 3574 notavi,
945 3492 1098 3592 quicquid
1108 3495 1301 3592 ignotttmesi
1324 3497 1430 3570 eadem
1438 3499 1572 3601 prorsus
1591 3510 1713 3574 ratione
1738 3527 1799 3576 nott
1809 3503 1922 3600 solinu

209 3613 258 3682 29
275 3607 308 3670 in
323 3593 575 3692 Mathematici,
594 3585 656 3682 sed
670 3583 714 3661 ὅ
734 3597 769 3660 in
790 3586 928 3660 ommni
950 3591 1019 3660 aliis
1033 3589 1189 3688 scientiis,
1206 3591 1288 3694 poffe.
1304 3595 1414 3695 detqgi
1516 3598 1679 3677 *Primo
1700 3625 1792 3704 ergo
1807 3605 1922 3702 ponit

130 3717 133 3730 ·
274 3687 498 3770 certitudinis
521 3685 988 3769 humanae'fundumentum
1014 3690 1089 3788 iila,
1112 3692 1150 3764 in
1170 3692 1300 3788 quibus
1319 3696 1504 3796 ptaecipue
1527 3698 1771 3776 intellestuso
1801 3705 1920 3778 erario

274 3785 537 3880 manifestatum
585 3787 759 3860 nimirum
783 3809 866 3882 quae
890 3810 910 3860 a
934 3808 1064 3862 mente
1088 3787 1208 3864 nostra
1231 3787 1345 3865 statim
1361 3788 1435 3868 stne
1457 3725 1799 3897 contraditione&
1814 3802 1920 3897 cujus

273 3891 394 3968 studio
409 3881 798 3981 remotiiinnumjubet
822 3881 891 3960 eiie
904 3887 1063 3968 veritatis
1084 3885 1334 3988 indagatorem
1381 3895 1486 3968 conti
1515 3897 1528 3967 i
1547 3893 1711 3996 poiiunt,
1731 3922 1763 3974 e.
1787 3921 1825 4000 g.
1838 3899 1921 3976 To

276 4012 357 4068 tum
371 4005 474 4088 parte
488 3984 548 4060 sua
566 3984 682 4081 majus
696 3977 775 4080 esse,
796 3985 836 4058 in
850 3984 986 4058 circttlo
1002 4007 1130 4060 omnes
1146 3985 1267 4064 radios
1286 3988 1329 4062 ab
1345 3990 1445 4066 olute
1459 3919 1527 4068 effe
1546 3995 1700 4090 aequaies
1716 3996 1785 4072 dte.
1815 3999 1920 4074 unde

277 4087 429 4166 infinitae
458 4086 535 4158 aliae
564 4083 734 4157 veritates
757 4078 864 4156 educi
890 4079 1039 4179 poffunt
1082 4107 1125 4156 ae
1145 4085 1225 4158 vice
1249 4085 1348 4164 versa
1371 4087 1551 4189 sequitur,
1576 4113 1743 4190 ea„quae
1767 4101 1921 4198 concipi

278 4195 357 4264 tion
380 4179 538 4285 poffum,
561 4179 641 4256 falsa
665 4177 742 4256 effe.
812 4176 884 4252 Sed
905 4181 943 4254 in
965 4139 1205 4288 fundamento
1229 4185 1294 4259 ilio
1319 4184 1418 4262 reste
1434 4187 1626 4290 ponendo,
1648 4217 1696 4268 ne
1719 4193 1763 4270 ab
1787 4197 1919 4312 imagi·

277 4287 428 4362 natione
453 4281 692 4382 decipiamur,
714 4299 908 4378 praectptt:
959 4279 1072 4362 multa
1101 4283 1200 4354 enim
1228 4303 1369 4360 tantum
1393 4289 1649 4388 imaginatione
1673 4295 1816 4394 percipi
1853 4318 1906 4372 att

276 4405 437 4480 quorum
454 4402 574 4456 tamen
590 4399 789 4476 conceptus
803 4397 921 4451 certus
937 4371 1014 4450 dari
1026 4401 1103 4452 non
1117 4377 1238 4478 poffit,
1257 4404 1296 4458 ut
1308 4386 1346 4456 in
1362 4382 1470 4484 sonis,
1484 4387 1678 4488 coloribus,
1693 4415 1797 4490 aqua,
1817 4355 1918 4470 aere,

273 4479 423 4558 metaliis
450 4479 516 4557 &a
590 4477 716 4578 Qtate
740 4473 815 4553 duo
838 4475 978 4568 criteria
999 4473 1222 4559 discernendi
1240 4479 1439 4562 inteileiius
1467 4483 1506 4563 dt
1528 4488 1794 4592 imaginationis
1812 4457 1917 4570 com3
1977 4569 1978 4580 ,

1812 4617 1917 4673 mess-
