3910 5234
215 243 345 352 cap.
369 239 471 330 nin.
522 245 752 353 DeErcetpn
768 245 1049 355 ndDrJ'crplt'nar
1066 246 1111 327 ἔθ’
1123 247 1331 330 Facultates
1339 249 1534 355 pertinent.
1628 265 1735 350 '702
1798 209 1825 336 .,

85 415 146 494 das
162 414 212 492 est
228 415 413 520 Scriptura
428 413 543 517 Sacra,
559 415 683 498 Patres
698 419 828 520 aliique
843 421 1046 524 Scriptores
1064 419 1288 504 Homiletici.
1338 421 1529 526 Qtoniam
1547 441 1640 496 vero
1651 443 1729 496 ora·
1786 478 1792 486 .

84 521 130 592 tio
144 515 235 592 sacra
250 539 386 619 praeter
399 541 611 620 argumenta
623 519 734 596 fidem
749 520 921 621 facientia,
964 546 1020 596 uae
1035 521 1100 623 ipst
1115 547 1200 598 cum
1215 523 1410 600 Rhetorica
1420 524 1519 598 civili
1534 521 1613 596 stant
1628 545 1730 595 com·

83 619 208 714 mimia,
224 620 261 692 in
282 614 425 720 exegesi
441 607 617 720 &Alalis
633 617 804 720 versatur,
821 622 898 696 usui
912 547 980 696 esse
994 621 1142 722 possunt
1156 625 1212 698 illa
1235 644 1342 698 excet
1372 645 1427 720 ta,
1452 647 1533 719 quae
1564 622 1729 696 Tcxnalir
1749 695 1766 702 ,

83 737 259 814 vocamus,
278 715 475 791 secundum
496 718 610 792 libros
629 715 790 796 Biblicos
801 720 984 797 adornata.
1055 720 1260 799 Possunt&
1289 724 1355 822 ipt
1393 723 1484 798 Loci
1510 739 1727 814 communes
1804 721 1807 728 '

81 813 308 918 Theologici,
324 817 417 890 tituli
436 817 614 904 virtutum
628 816 818 917 sacrarum,
840 821 878 895 dt
900 844 1129 918 quaecunque
1156 817 1195 897 ar
1223 844 1370 898 umente
1396 845 1468 924 pro
1492 822 1605 896 titulis
1627 819 1726 918 poni,
1751 883 1753 891 ,

82 911 187 988 &iub
203 917 245 989 iis
264 916 361 991 utilia
375 939 443 1016 per
458 914 614 990 indicem
633 919 717 992 colli
746 921 768 1016 i,
783 941 825 996 ut
839 919 925 994 fecit
939 922 977 994 in
994 846 1248 1022 Repertoriosto
1261 924 1306 994 cl.
1326 927 1494 996 Wluenius.
1551 919 1609 996 De
1634 939 1725 992 cete·

81 1035 119 1086 ro
136 1011 307 1090 Oratoria
320 1035 501 1116 excerpta,
515 1014 562 1090 de
575 1017 707 1120 quibus
717 943 826 1120 supra
841 1016 1013 1118 diximus,
1034 1019 1141 1098 etiam
1161 1021 1218 1098 his
1231 1019 1500 1098 accommodari
1515 1016 1662 1123 possunt
1685 1015 1726 1091 dt

82 1110 215 1188 debent.
440 1182 444 1190 ,
528 1137 532 1162 ·
756 1137 759 1144 ·
1539 1147 1544 1152 ·

169 1216 328 1312 Erectptc
341 1217 373 1282 lu
387 1211 651 1313 jurisprudentia
668 1235 763 1315 pene
786 1208 889 1290 simili
913 1211 1029 1293 modo
1055 1213 1189 1296 institui
1208 1215 1364 1320 possunt.
1415 1217 1543 1311 Primo
1566 1222 1727 1318 exegetica·
1744 1217 1789 1294 35

80 1307 264 1386 formanda
278 1310 357 1386 sunt
373 1311 418 1386 ad
434 1313 565 1412 Leges,
579 1313 636 1386 illa
651 1313 854 1416 colligenda
868 1337 887 1388 e
899 1313 1001 1412 JCns
1024 1340 1100 1393 nou
1119 1317 1246 1416 solum,
1255 1318 1315 1394 sed
1332 1320 1402 1396 &e
1425 1316 1642 1416 philologia,
1658 1315 1722 1412 qul
1814 1377 1826 1389 ,

79 1410 131 1482 vel
150 1408 253 1510 super
268 1411 368 1512 leges
382 1410 547 1510 speciales
567 1411 747 1526 scripsere,
766 1415 826 1486 vel
839 1415 904 1511 qui
919 1415 957 1490 in
975 1415 1212 1494 Miscellancis
1237 1416 1305 1492 suis
1328 1439 1594 1512 nonnunquam
1616 1414 1720 1514 leges

79 1509 262 1610 explicant,
282 1511 343 1584 vel
359 1507 543 1607 illustrant,
559 1512 618 1584 vel
638 1537 677 1586 m
692 1512 733 1587 iis
747 1512 881 1610 aliquid
904 1514 1110 1592 emendant.
1181 1517 1318 1594 Notati
1342 1513 1448 1592 etiam
1475 1509 1607 1614 potest,
1648 1513 1721 1585 uic·

79 1607 158 1706 quid
173 1609 217 1684 ad
233 1607 421 1702 historiam
436 1609 510 1709 ejus
523 1612 691 1710 pertinet.
742 1611 867 1712 Atque
882 1611 939 1686 illa
954 1617 1138 1715 pertinent
1152 1615 1195 1690 ad
1212 1614 1397 1692 verbalem
1421 1616 1546 1714 legum
1570 1537 1717 1684 sensim.
1815 1645 1824 1658 ·

78 1707 166 1810 Qua
181 1707 225 1785 ad
240 1707 520 1810 explicationem
542 1710 580 1784 dt
595 1709 799 1784 doctrinam
815 1709 925 1812 ipsam
942 1711 1161 1812 reseruntur,
1179 1739 1384 1812 quanquam
1406 1711 1468 1788 sub
1486 1706 1596 1786 titulis
1611 1710 1716 1784 certis

78 1805 202 1906 aliaque
216 1809 344 1912 colligi
358 1807 478 1882 forma
494 1805 657 1910 possunt;
682 1833 759 1882 non
769 1809 1010 1888 inconsultum
1031 1833 1150 1887 tamen
1171 1813 1280 1910 erit,st
1304 1816 1411 1890 etiam
1427 1809 1522 1908 quast
1540 1833 1607 1909 per
1626 1807 1722 1882 india

77 1927 146 1980 cem
169 1907 213 1982 ad
227 1910 328 2010 leges
342 1931 591 2008 apponantur:
617 1909 654 1982 in
668 1908 967 2008 explicationibus
987 1913 1082 1984 enim
1098 1913 1222 2015 legum
1240 1937 1395 2016 magnus
1411 1933 1541 1985 eorum
1556 1906 1638 1983 usus
1653 1903 1714 2004 est,

75 1999 97 2076 fi
116 2009 190 2102 quis
206 2007 266 2081 illa
278 2005 420 2108 semper
434 2007 471 2081 in
488 2029 668 2109 promptu
684 2006 820 2082 habeat.
870 2007 1003 2084 Notati
1019 2012 1124 2084 etiam
1140 2009 1243 2088 simul
1261 2009 1408 2113 possunt
1422 2011 1531 2112 leges,
1540 2029 1716 2106 quaecon·

74 2107 180 2180 trariae
197 2105 383 2204 videntur,
400 2131 440 2182 ac
455 2107 615 2182 Antores
635 2129 703 2206 per
721 2103 878 2180 indicem
897 2105 1087 2210 designari,
1110 2109 1173 2184 ttbi
1193 2111 1262 2186 illae
1288 2110 1534 2186 conciliantur.
1582 2105 1719 2202 Siquis

72 2205 150 2279 velit
167 2201 356 2307 perfossos
370 2209 492 2282 Locos
508 2229 722 2280 communes
733 2203 920 2303 adornare,
930 2210 1078 2310 colligat
1087 2210 1168 2284 illos
1182 2208 1379 2286 secundum
1397 2205 1617 2284 methodum
1626 2204 1716 2279 Pan·

75 2297 248 2382 delictum
264 2303 476 2382 reducendo
492 2329 530 2380 ac
546 2303 782 2408 Digestorum
799 2307 922 2380 titulos
946 2311 1051 2381 etiam
1070 2329 1276 2387 ceterorum
1294 2308 1473 2383 librorum
1492 2307 1629 2404 tinum,
1654 2325 1714 2378 ex·
1765 2317 1775 2326 '

75 2405 190 2504 emplo
205 2404 376 2479 Schotani
393 2408 430 2480 in
458 2404 636 2479 Examina
661 2405 835 2498 Juridico.
885 2404 1037 2482 Possent·
1051 2410 1156 2482 etiam
1176 2434 1196 2483 e
1215 2409 1296 2509 jure
1324 2407 1528 2504 Canonico,
1550 2400 1720 2502 Feudali,
1821 2446 1827 2462 ›

73 2499 266 2602 statuario,
288 2499 355 2580 suis
378 2507 629 2580 convenientia
643 2504 732 2578 locis
749 2501 907 2602 adjungi.
958 2505 994 2578 Si
1009 2505 1089 2602 quis
1109 2529 1281 2606 excerpta
1296 2531 1367 2606 pro
1385 2505 1491 2583 nobis
1508 2505 1640 2602 injure
1661 2525 1720 2576 ar··

74 2607 246 2702 gumentis
261 2604 436 2707 colligere
446 2605 551 2698 velit;
573 2603 681 2678 alium
695 2601 794 2700 sequi
805 2601 975 2676 ordinem
991 2601 1110 2680 debet.
1160 2605 1260 2679 Nam
1276 2601 1338 2678 stab
1358 2604 1469 2679 titulis
1482 2605 1716 2678 materiarum

74 2703 219 2807 colliget,
234 2729 319 2803 quae
338 2707 395 2778 vel
413 2705 449 2780 in
469 2703 568 2778 libris
581 2703 676 2798 Jur'is
692 2701 749 2774 vel
763 2702 800 2774 in
813 2698 1066 2792 Jureconsultis
1083 2704 1254 2778 inveniet.
1289 2702 1425 2797 ,Multa
1443 2701 1540 2774 enim
1553 2697 1714 2774 conside·

74 2806 200 2880 ratione
215 2804 468 2899 jurisconsulti
487 2802 609 2903 digua,
626 2797 820 2896 de'quibus
833 2801 896 2877 vix
912 2799 1103 2899 peculiaria
1117 2800 1152 2874 in
1166 2799 1251 2894 Jure
1265 2803 1344 2876 loca
1357 2821 1565 2874 occurrunt.
1618 2793 1721 2970 (Ψ
1768 2799 1779 2862 ἶ·

74 2901 235 2982 ulabote
253 2902 377 2999 siquis
397 2901 538 2978 sedulus
557 2901 677 2996 fuerit,
696 2898 796 2973 facile
822 2897 867 2972 de
885 2893 1019 2973 selectis
1043 2900 1268 3001 argumentis
1316 2898 1455 2976 undam
1478 2896 1614 2971 scribet.
1698 2915 1713 2969 t

72 2999 153 3099 sttnt,
168 3002 495 3100 quibuslibrorunt
510 2999 645 3076 indices
662 3001 699 3074 in
716 2991 884 3072 instrusla
898 2996 1118 3075 bibliotheca
1139 2997 1302 3076 officium
1346 3021 1396 3096 ‚oc
1412 2993 1591 3098 praestant.
1640 2991 1712 3070 Sed
1782 3029 1785 3038 ¹
1885 3029 1892 3037 ·

75 3097 113 3176 de
129 3105 167 3178 iis
182 3102 355 3180 omnibus
370 3101 566 3200 aliquando
581 3095 763 3200 copiostus
782 3098 1084 3200 aliolocoagam.

161 3203 252 3282 Loci
273 3223 487 3277 communes
502 3200 639 3276 nante
656 3200 692 3272 in
708 3197 793 3292 Jure
809 3193 992 3273 formandi
1005 3221 1025 3270 e
1039 3193 1276 3300 scriptoribus
1291 3191 1467 3300 predicis.
1515 3193 1632 3273 Tituli
1646 3193 1712 3272 bo·
1734 3207 1783 3301 36

8 3305 9 3308 ‘
71 3295 1714 3400 mmexcerptorumtormariponuntseeundumtitulosptndeuarum,velsecundumma·

72 3403 165 3476 terias
179 3401 355 3492 juridicus.
405 3397 679 3498 Specialiffimos
695 3395 819 3470 titulos
840 3392 955 3468 facere
1004 3391 1123 3472 ossum
1145 3396 1264 3498 legcs;
1292 3395 1354 3472 sub
1374 3393 1514 3496 legibus
1538 3409 1715 3471 notentur

73 3499 156 3576 casus
172 3490 380 3604 singulares
429 3498 668 3597 subjiciantur
682 3495 853 3594 Antores,
868 3494 932 3593 qui
942 3420 1025 3572 reses
1039 3493 1134 3572 casus
1151 3493 1333 3571 decidunt.
1359 3489 1714 3570 Formenturillaex-

73 3619 194 3698 carpta,
207 3621 387 3700 quantum
400 3598 479 3674 fieri
494 3595 623 3698 potest,
641 3621 708 3698 pet·
723 3597 899 3671 lemmata.
951 3593 1173 3696 Exemplum
1192 3593 1316 3669 talium
1338 3593 1527 3669 Locorum
1549 3615 1714 3670 commu·
1760 3621 1763 3627 ·

72 3692 1145 3802 niumsuppeditatlndexpradicussuperoperaCarpzovii.
1168 3689 1712 3792 jamverofiquisexomnibus

72 3795 264 3875 Autoribus
301 3790 1713 3896 radicis,quiinterdumincidenteraliquoscasusproponuntacsolvunt,tam

73 3899 249 3988 veteribus
261 3821 423 3994 samolo,
441 3897 568 3992 Baldo,
587 3895 713 3988 Jasone
728 3894 794 3969 &c
816 3915 925 3992 quam
946 3893 1217 3989 recentioribus,
1239 3895 1295 3968 illa
1312 3893 1438 3969 ‘omnia
1451 3891 1609 3986 collioat,
1629 3887 1715 3983 quae'

71 3991 145 4069 illuc
157 4001 353 4102 pertinent,
370 4019 509 4070 mature
526 3995 590 4069 fibi
608 4005 770 4092 acquiret
786 3997 1037 4096 cognitionem
1053 3993 1178 4066 talium
1199 4017 1334 4091 retum,
1349 4016 1434 4090 quae
1451 3990 1543 4062 utilis
1558 4011 1628 4064 ima
1644 4008 1714 4160 get·
1749 4053 1752 4060 ,

72 4113 212 4170 omnem
228 4103 340 4170 viram
355 4095 473 4170 statura
484 4091 582 4194 est,s1
599 4092 892 4190 quisveldejutc
900 4090 1133 4192 responsurus
1146 4087 1200 4190 fit,
1209 4093 1268 4167 vel
1284 4091 1420 4166 causeam
1433 4087 1590 4184 aliquam
1602 4109 1643 4162 ut
1680 4109 1716 4160 a·

71 4207 190 4269 tronus
205 4195 358 4298 egerite
373 4202 470 4269 enim
490 4221 586 4269 nunc
599 4192 887 4294 jurisprudentia
901 4213 1107 4292 comparata
1120 4189 1325 4292 esl‚utplus
1346 4189 1449 4289 saepe
1463 4187 1716 4287 valcantprae·
1781 4226 1786 4232 ·
1808 4251 1818 4260 .

68 4285 191 4382 judicia
205 4295 242 4372 dt
259 4293 454 4370 dodorum
464 4293 668 4390 sententiae,
680 4315 789 4391 quam
799 4290 891 4392 ipsae
905 4293 1012 4393 leges.
1023 4290 1147 4404 Quare
1160 4289 1186 4363 li
1201 4297 1282 4386 quis
1296 4291 1412 4368 casum
1426 4293 1466 4361 'm
1480 4293 1656 4384 terminis,
1670 4307 1713 4362 ut

71 4385 275 4491 loquuntur,
314 4419 356 4470 ro
372 4389 405 4468 se
423 4397 575 4498 allegare
590 4391 711 4496 poffit,
734 4398 764 4466 is
782 4413 857 4466 non
874 4414 1004 4492 parum
1020 4389 1206 4488 injudicio
1220 4387 1400 4490 proficiet.
1460 4384 1578 4488 Qtod
1594 4383 1712 4483 siquis

71 4483 197 4577 JCtum
206 4494 266 4570 vel
277 4421 442 4591 sitdicem
455 4491 802 4594 utquandoaliurus
818 4487 1157 4668 stt,1{Jmaturesatis
1171 4486 1288 4566 libide
1303 4485 1713 4660 talibusexcerptsispto·

169 4619 174 4630 ’
521 4607 525 4614 ’
627 4635 634 4646 ·
870 4679 878 4690 ,
941 4613 1045 4668 uuu
1093 4613 1132 4683 3.
1591 4604 1711 4686 pietat.
