3970 5236
154 285 159 290 ,
226 255 300 344 aaa
568 291 594 350 ·,
825 223 1004 338 Papam*
1021 231 1136 356 atta.
1170 233 1242 314 tn.
1260 237 1310 315 u.w

208 405 410 525 ‚spondere
431 404 558 482 officiis
572 427 631 518 me
648 404 737 480 velis
771 403 898 518 (cupio
911 423 1020 502 certe,
1040 427 1150 501 quum
1172 405 1236 504 qui
1249 403 1422 502 maxime)
1455 426 1539 478 eum
1557 404 1678 480 omnia
1692 408 1768 482 mei
1787 407 1886 482 caula
1980 369 1981 462 Ῐ

227 535 317 618 agis,
329 505 423 584 mhtl
435 508 525 610 agis,
539 530 578 582 ac
600 502 679 606 apso
697 501 876 578 beneficio
893 527 929 578 es
952 505 1124 604 ingratus.
1518 515 1524 520 '
1976 483 1981 572 l

333 617 389 700 36.
414 609 627 723 sptphoazcma.
653 601 753 679 Cum
788 605 825 678 in
860 601 1031 678 omuibus
1058 603 1102 678 ’δι
1123 601 1268 708 consilia
1287 603 1324 678 dt
1346 627 1497 704 operam
1521 625 1618 678 tuam
1641 598 1803 703 require,
1837 608 1913 700 ita-

4 715 9 726 ’
97 763 111 774 ν
198 713 354 792 omnia
367 733 443 810 agis
463 731 552 805 mea,
569 727 610 780 ut
623 728 690 779 nec
710 700 1022 816 ipse'diligentiam
1042 705 1373 803 meamrequiram.
1425 701 1509 816 Ego
1526 715 1717 778 ver'ocum
1735 707 1789 779 tui
1806 731 1886 780 cau·

192 821 193 826 ’
228 814 263 892 sa
283 810 406 914 omnia
424 830 531 910 agere
547 805 670 901 velim,
686 827 732 878 ne
746 827 901 876 minima⁴
911 801 1061 898 quidem
1083 805 1121 876 in
1139 827 1179 876 re
1208 799 1372 878 nostrum
1393 797 1764 890 deltderas'officiurn.
1818 805 1891 880 Illa
1980 827 1981 850 ¹

230 909 380 1014 quidem
397 910 464 1005 vis,
481 926 608 1003 attt,·ut
621 903 765 977 mollius
782 899 910 997 dicam,
926 900 1021 998 fraus
1036 899 1095 975 est.
1144 899 1232 977 Heu
1251 927 1361 1001 quam
1379 900 1428 976 est
1445 901 1634 1004 miserum,
1675 905 1722 979 ita
1744 891 1877 980 viuere
1980 927 1981 936 ¹

228 1007 410 1111 ut‚s1vel
433 1009 593 1080 maxime
618 1003 724 1110 nolio,
748 1007 851 1076 vivas
878 1021 1000 1076 tamen
1025 1001 1204 1102 ingratus!
1257 1027 1367 1099 quam
1391 999 1441 1074 est
1466 1001 1540 1076 hoc
1574 1003 1611 1075 in
1634 1004 1789 1078 amicitia
1813 967 1892 1080 am3
1980 989 1981 1070 l

108 1159 111 1166 ,
227 1103 417 1197 bitiosum!
466 1103 575 1207 addo,
601 1125 711 1204 quam
736 1097 920 1176 callidum!
948 1099 1113 1180 ut'solus
1138 1100 1233 1178 bene
1262 1103 1396 1176 mereti
1422 1099 1595 1201 videaris,-
1627 1085 1735 1178 amici
1766 1107 1890 1182 exclu·
1980 1085 1981 1104 ἶ

227 1211 314 1290 dere
338 1202 464 1283 officia.
772 1227 774 1232 ·
1636 1246 1684 1266 --
1980 1205 1981 1278 ζ

239 1353 248 1368 ι
331 1334 386 1403 ²7·
411 1306 638 1480 Compendium.
672 1301 795 1376 Nihil
816 1297 877 1398 est,
892 1295 996 1398 quod
1013 1300 1078 1375 tibi
1091 1315 1309 1397 tuarumque
1323 1322 1448 1376 rerum
1470 1299 1673 1384 commodo
1696 1303 1892 1404 impende-

152 1425 154 1428 ’
228 1435 268 1488 re
282 1410 419 1509 nolim:
446 1412 483 1480 ni
513 1402 642 1480 iladeo
658 1402 751 1477 mihi
765 1400 869 1475 dulce
888 1398 938 1474 est
954 1399 992 1474 dt
1005 1399 1123 1499 suave,
1136 1424 1298 1499 quorum
1315 1423 1388 1502 ego
1403 1398 1575 1499 jacturam
1591 1424 1667 1481 non
1682 1401 1802 1478 facere
1816 1429 1894 1482 ma·

123 1537 132 1554 ‘
228 1512 304 1608 lim,
320 1532 431 1607 quam
446 1527 487 1580 ut
502 1527 574 1580 tuae
589 1503 754 1579 amicitiae
768 1523 837 1602 pet·
851 1501 1112 1603 negligentiam
1130 1523 1249 1580 meam
1267 1501 1346 1574 vim
1366 1499 1527 1574 inferam.
1580 1499 1733 1590 Plenum
1759 1503 1826 1580 tibi
1851 1509 1893 1580 'tn
1980 1497 1981 1556 ἕ

229 1632 374 1712 operas,
389 1629 462 1704 tes,¹
474 1601 629 1702 consilia,
644 1601 822 1698 fortunas,
840 1597 997 1697 salutem,
1013 1601 1123 1676 vitam
1140 1599 1297 1697 denique
1313 1623 1444 1699 meam,
1456 1600 1516 1698 jus
1533 1599 1762 1702 transsctibo,
1777 1626 1894 1702 atque
1980 1599 1981 1630 l

227 1733 269 1790 ut
281 1711 406 1813 paucis
422 1703 676 1799 multadicam
690 1701 755 1780 tibi
770 1701 840 1783 toti
854 1724 916 1776 me
932 1721 1062 1776 totum.
1204 1707 1214 1716 '
1371 1783 1374 1788 ¹
1564 1719 1565 1724 ¹
1693 1713 1695 1718 ’
1980 1703 1981 1721 ’

222 1848 227 1856 -
335 1823 387 1900 38.
414 1809 618 1908 Perplexitas.
674 1800 813 1906 Qtida
842 1796 932 1874 am?
955 1801 1043 1876 hinc
1055 1803 1217 1874 animum
1241 1799 1354 1876 timor
1373 1798 1556 1884 distrahit:
1582 1800 1669 1876 hinc
1690 1805 1816 1878 amor:
1850 1806 1893 1880 il·
1980 1839 1981 1870 ³

228 1912 301 1986 linc
321 1929 401 1982 mea
415 1907 523 1980 etiam
538 1903 744 1978 commoda.
859 1900 941 1997 ujus
953 1923 1026 2004 ego
1044 1900 1147 1994 Jovis
1168 1900 1205 1972 in
1225 1923 1286 1974 me
1307 1898 1457 1976 fulmina
1471 1910 1609 1976 temere
1624 1905 1807 1980 concitare
1822 1931 1893 1980 no-

103 2009 108 2018 ’
228 2011 303 2086 lim.
351 2007 411 2080 Te
420 2025 465 2078 ut
479 2005 609 2078 irauim
631 2001 722 2076 mihi
736 1996 903 2076 habeam!
929 1998 1046 2074 salissa
1070 1999 1235 2074 amicitiae
1255 1999 1314 2074 lex
1333 1999 1518 2102 prohibet.
1569 1999 1784 2078 Commoda
1805 2030 1893 2080 mea

229 2130 271 2183 ut
286 2099 495 2208 negligam!
518 2103 635 2198 amici,
652 2123 762 2195 uxor,
776 2096 879 2172 liberi
892 2097 1129 2173 intercedunt.
1183 2097 1893 2270 (midvelimegonolimve,nescio.At
1980 2121 1981 2182 l

173 2233 177 2240 ·
231 2199 329 2284 εετῑῗε
348 2209 402 2280 tui
425 2200 523 2278 causa
542 2201 601 2275 vel
614 2225 699 2282 cum
713 2197 829 2274 salutis
844 2221 935 2271 meae
955 2195 1146 2298 dispendio
1165 2197 1547 2286 veleomniadebeo.
1775 2261 1781 2274 ,
1980 2189 1981 2200 ’

333 2331 390 2412 39.
419 2299 615 2406 Approbatio.
666 2298 767 2374 Hem
781 2293 875 2384 istud
891 2295 941 2372 est
959 2295 1221 2376 amicumelle!
1249 2293 1288 2374 O
1305 2298 1441 2376 fastum
1461 2297 1575 2376 bene!
1598 2299 1717 2388 Beasli
1737 2309 1892 2384 metuis

230 2407 352 2494 literis,
375 2405 507 2503 quibus
523 2425 646 2476 rerum
666 2423 810 2477 tuarum
824 2421 945 2472 curam
959 2397 1051 2474 mihi
1066 2399 1237 2498 imponis.
1281 2398 1360 2493 Jam
1377 2421 1412 2475 te
1427 2401 1584 2480 amicum
1600 2398 1668 2476 elle
1688 2400 1806 2481 sentio
1837 2431 1894 2484 tu·

228 2533 301 2606 que
321 2530 381 2582 me
393 2527 479 2580 eum
495 2499 574 2600 effe,
592 2499 676 2578 faxo
690 2498 836 2594 sentias,
868 2500 925 2573 cui
941 2495 1111 2578 statutum
1130 2495 1179 2572 est
1199 2501 1322 2576 omnia
1340 2497 1436 2578 ferre
1453 2521 1562 2599 atque
1574 2502 1649 2604 pati
1677 2526 1789 2600 quam
1803 2465 1895 2584 {itin
1980 2561 1981 2580 ,

162 2627 170 2634 ·
230 2632 267 2686 te
280 2629 341 2684 aut
357 2607 395 2680 in
408 2601 575 2679 fortunas
591 2623 667 2677 tuas
683 2599 842 2695 iniquius
859 2597 993 2696 aliquid
1010 2595 1256 2674 constituatur.
1380 2601 1383 2606 '
1649 2560 1672 2645 '‚
1980 2611 1981 2650 ³

329 2729 388 2800 40.
413 2709 593 2806 Imperium.
644 2699 733 2776 Hoc
754 2697 819 2773 tibi
835 2695 953 2796 edico,
976 2698 1165 2775 severitate
1186 2697 1285 2800 plus¹
1302 2725 1415 2800 quam
1446 2703 1629 2805 pretoria,
1654 2723 1701 2777 ne
1716 2704 1893 2802 cuiquam

228 2811 297 2907 alii,
316 2831 426 2908 quam
444 2804 537 2880 mihi
553 2825 610 2877 res
632 2823 708 2878 tuas
723 2797 971 2876 commendes.
1007 2797 1116 2873 'Eam
1151 2798 1217 2874 tibi
1247 2802 1370 2906 legem
1399 2803 1459 2900 jus
1479 2803 1645 2878 amicitiae
1668 2804 1790 2906 ponit,
1816 2805 1893 2884 san-
1980 2863 1981 2890 .

227 2909 343 3086 pipin,
359 2903 585 2997 inviolabile3
611 2924 652 2979 ut
674 2898 826 3010 parendi
846 2900 938 2974 milii
953 2895 1195 2976 necessitatem
1214 2901 1401 3005 imposuit,
1418 2903 1501 3006 plus
1515 2905 1553 2980 in
1573 2901 1893 3004 robustisismum
1980 2971 1981 2998 ,

241 3031 448 3086 aoraturo.
1018 3034 1023 3043 ,
1862 3006 1868 3019 ·
1980 3011 1981 3040 t

330 3119 390 3204 4¹·
415 3101 602 3175 Adnwnitio.
646 3096 815 3199 ¹Qidvis
841 3101 989 3200 impera.
1041 3096 1194 3176 Distum
1214 3099 1360 3180 fastum.
1411 3103 1536 3208 Visne,
1559 3121 1685 3182 dicun
1699 3125 1766 3184 ¹ces
1783 3105 1891 3184 tuas?

188 3223 192 3230 “
228 3229 321 3290 meae
356 3224 472 3281 erunt.
1097 3271 1104 3274 ,
1513 3210 1518 3218 ’

521 3303 626 3374 Unum
647 3298 727 3404 illud
746 3320 896 3403 repetens,
919 3306 1097 3401 iterumque
1120 3307 1299 3405 uerumque
1323 3303 1459 3391 umbo,

228 3455 275 3509 ne
298 3425 392 3504 mihi
416 3423 544 3536 magis,
567 3444 677 3520 quam
704 3419 769 3496 tibi
792 3415 858 3522 ipst
885 3415 1048 3504 diffidas,
1108 3437 1135 3516 ᾖ
1607 3470 1611 3478 ,
1980 3483 1981 3501 Ν

116 3635 120 3641 ¹
325 3553 384 3625 42.
412 3523 604 3701 Obpqucittm.
654 3519 749 3595 Non
764 3545 841 3619 ero,
860 3541 901 3596 ut
915 3520 974 3594 ille
987 3521 1024 3594 in
1040 3517 1156 3598 fabula
1169 3525 1213 3600 ad
1233 3523 1398 3602 mandata
1415 3526 1575 3624 claudus,
1599 3548 1728 3626 caecus,
1749 3553 1876 3606 mutus
1980 3505 1981 3598 l

227 3649 389 3734 mancae,
405 3623 452 3698 de
466 3633 543 3698 llis.
585 3621 804 3736 Qtaeenim
818 3617 917 3723 apud
933 3621 1132 3700 Maronem
1149 3649 1352 3705 ventorum
1359 3627 1477 3728 Deus,
1492 3627 1584 3704 mihi
1597 3627 1662 3704 tibi
1676 3629 1793 3730 liceat,
1810 3593 1889 3708 nod
1980 3653 1981 3666 ¹

229 3725 428 3807 fumosvel
444 3743 576 3800 ventos
598 3718 783 3797 vendenti.
1350 3775 1362 3790 ,
1452 3777 1455 3784 .
1715 3725 1745 3778 .’

530 3897 536 3904 ·
606 3922 612 3932 .
717 3869 803 3936 Tuus
825 3866 873 3962 est,
900 3891 917 3937 o
941 3867 1161 3967 Amico-‚quid
1181 3897 1198 3942 o
1219 3893 1275 3956 tes,

528 3983 535 3996 ’
588 3967 762 4074 Explorere
787 3965 883 4052 labor,
907 3967 984 4038 mihi
1002 3965 1083 4066 juffiz
1107 3891 1252 4072 capefflrc
1267 3973 1326 4068 sas
1349 3972 1396 4069 est.

317 4125 378 4199 43.
402 4099 575 4175 'Blandum
601 4085 716 4177 Nunc
730 4125 814 4177 amo
833 4120 880 4197 te,
895 4103 1014 4175 anime
1030 4101 1093 4197 mi,
1119 4100 1231 4174 ocelle
1250 4095 1524 4201 jucundiffime,
1545 4125 1630 4176 cum
1652 4105 1691 4179 in
1716 4109 1889 4184 nenotio·

163 4223 171 4228 ·
215 4211 476 4320 'rumtuorum
496 4200 719 4281 consortium
741 4227 810 4280 me.
823 4198 1002 4312 admittis,
1039 4201 1104 4301 qui
1125 4201 1196 4278 tuis
1225 4200 1375 4276 immori
1395 4201 1539 4302 malim,
1570 4227 1681 4300 quam
1701 4173 1795 4284 mess
1823 4209 1889 4283 im-

232 4326 385 4380 motam
1491 4311 1495 4320 '
1678 4303 1682 4312 ’

320 4428 381 4498 44.
408 4405 570 4476 Salutatio.
594 4401 737 4476 Salvete
764 4399 855 4476 mihi
885 4400 945 4475 vel
978 4401 1132 4496 centies,
1174 4426 1256 4499 quae
1288 4399 1426 4476 salvum
1448 4413 1453 4429 ‘·
1463 4401 1556 4476 mihi
1583 4401 1777 4481 nunciastis
1802 4409 1890 4482 ami·

229 4528 314 4582 cum
333 4499 519 4603 nostrique
534 4523 755 4579 memorem:
807 4521 849 4577 ut
866 4524 936 4636 pos
950 4497 1158 4576 exosculor!
1183 4523 1224 4580 ut
1242 4503 1328 4608 lego
1344 4497 1492 4578 lubens!
1517 4500 1609 4580 nihil
1625 4504 1724 4578 enim
1737 4503 1805 4594 ista
1816 4531 1891 4582 me·

621 4638 633 4700 l
792 4623 798 4644 '
1454 4693 1458 4700 ,
1769 4609 1890 4686 morie
