3950 5236
79 309 92 325 .,
224 269 292 361 5¹8
556 343 559 348 Ι
794 241 961 352 Polybist.
975 244 1098 326 diter.
1149 242 1226 327 aia
1249 246 1316 327 lx·
1410 233 1416 242 ¹

221 435 344 510 tunam
358 441 499 498 marum
515 416 677 520 praemia,
695 415 733 492 ἃ
747 415 794 492 ita
807 414 961 514 quidem
981 413 1127 513 florent,
1150 434 1199 489 ut·
1212 411 1351 496 froilas
1377 409 1618 488 earum-'nulla
1640 410 1708 489 tibi
1731 411 1874 491 invidia

224 527 366 626 eripiat,
390 521 485 596 nulla
498 539 710 616 temporum
728 515 903 591 calamitas
918 517 1140 589 intervertat.
1189 511 1271 588 Hac
1284 515 1523 612 itaqueparte
1536 509 1692 612 securus,
1714 511 1876 616 litidu-

224 643 417 705 ramtuam
434 618 620 691 bonorum
635 635 784 690 tuorum
801 615 947 688 cumulo
963 637 982 687 a
1012 610 1195 712 penderis,
1218 633 1258 687 ut
1280 610 1346 685 illis
1369 610 1475 710 supra
1494 632 1624 687 omnes
1648 633 1685 686 te
1703 609 1879 702 constitu·

226 747 320 820 tum,
339 723 386 798 ira
397 718 465 793 hac
485 712 656 789 omnibus
674 734 710 788 te
728 709 940 790 inferiorem
958 637 1025 786 ede
1043 707 1305 810 deprehendes.
1353 706 1529 783 Percense
1549 712 1648 784 enim
1667 708 1785 786 modo
1803 713 1880 786 ani·

226 847 305 919 mo,
321 837 418 917 quot
430 833 646 912 quantaeque
663 807 795 911 strages
812 808 1118 885 nobilissrmorum
1132 808 1327 884 hominurn
1342 809 1381 881 in
1398 806 1596 907 Republica
1609 805 1756 907 fuerint,
1766 825 1884 906 quam

228 925 280 1001 illi
295 922 381 1014 vira,
397 913 501 1010 fama,
520 908 639 1004 salute,
653 910 811 984 iortunis
826 908 998 983 omnibus
1013 905 1138 1004 eversi,
1159 929 1204 981 ne
1218 907 1402 981 minimam
1417 902 1614 1004 quidem,fi
1627 909 1701 984 vita
1718 905 1805 1008 ipfis
1821 905 1884 984 sal·

231 1045 278 1098 va
297 1014 358 1112 est,
376 1012 477 1114 spem
494 1008 558 1082 fibi
571 1008 748 1105 reliquam
765 1005 924 1082 sentiant
933 1005 1212 1104 Rempublicam
1228 1003 1340 1104 ipsam
1354 1003 1452 1102 vide,
1467 1001 1558 1077 nihil
1584 1003 1756 1106 profesio
1771 1005 1822 1082 est
1843 1009 1885 1082 in

229 1121 300 1215 illa,
344 1110 421 1188 uod
437 1107 561 1184 t'enere
576 1105 697 1181 bonos
718 1106 885 1179 homines
903 1107 1030 1201 tuique
1049 1101 1178 1178 similes
1190 1101 1338 1276 eposfit3
1370 1104 1494 1177 omnia
1514 1100 1660 1206 flagitiis
1684 1106 1722 1182 dt
1744 1104 1886 1181 sceleri-

231 1219 301 1297 bus
313 1139 394 1288 Punt
409 1204 593 1308 opprella3
614 1205 770 1279 animam
784 1205 861 1304 agit
876 1201 1031 1300 libertas,
1042 1200 1176 1301 judicia
1242 1203 1341 1303 leges
1355 1222 1662 1300 corrumpuntur5
1686 1204 1763 1304 ipsa
1781 1203 1888 1280 deni·

234 1337 307 1416 que
323 1311 423 1385 Salus
437 1307 657 1380 morientem
677 1304 862 1377 civitatem
882 1299 1022 1376 servare
1046 1323 1123 1374 non
1142 1298 1272 1400 potest.
1321 1297 1428 1400 Qid
1448 1321 1545 1400 ergo
1563 1297 1624 1397 est,
1644 1301 1749 1398 quod
1765 1322 1803 1377 te
1821 1303 1888 1378 hic

104 1455 108 1464 ·
232 1406 379 1494 teneat?
403 1431 448 1482 an
462 1402 564 1501 quod
580 1399 746 1477 cadaveri
760 1400 835 1497 ejus
849 1401 939 1475 velis
952 1401 1111 1494 immori,
1127 1399 1165 1474 δ(
1182 1403 1370 1473 communi
1385 1422 1469 1472 cum
1486 1395 1695 1474 vediotibus
1704 1399 1889 1498 ejusdem

232 1513 337 1592 navis
347 1508 468 1610 perire
479 1497 694 1602 naufragio?
717 1499 842 1595 Iraque
858 1497 1001 1571 felicem
1015 1520 1062 1596 te,
1078 1499 1143 1594 qui
1157 1520 1202 1570 ex
1217 1496 1364 1573 illorum
1381 1495 1577 1570 hominum
1595 1498 1783 1576 consortio
1795 1501 1889 1599 rabie,

205 1673 208 1682 ,
234 1635 314 1692 non
329 1629 403 1682 tam
416 1601 489 1678 abi
519 1596 562 1674 srs
576 1601 767 1702 relegatus,
790 1594 1007 1696 quamipsos
1026 1598 1107 1693 are,
1124 1595 1226 1693 quod
1241 1593 1432 1710 Diogenes
1446 1593 1607 1694 faciebat,
1625 1596 1678 1672 rel
1774 1621 1801 1675 s.
1819 1600 1891 1672 Vi·

235 1730 325 1785 vere
338 1706 451 1809 igitur
472 1626 538 1776 tibi
577 1719 670 1794 ores,
685 1697 722 1771 dt
736 1694 782 1768 a‘d
796 1695 1051 1791 tebonamque
1068 1716 1236 1770 mentem
1257 1693 1389 1791 redire,
1432 1691 1699 1792 ostquam,abil
1714 1699 1743 1771 is
1759 1696 1891 1772 disces·

236 1805 333 1890 stris.
384 1799 521 1873 Ve'nies
590 1793 717 1888 adnos
740 1796 794 1868 tui
813 1791 1086 1892 amantissimos,
1110 1792 1354 1891 omnibusque
1373 1815 1398 1866 o
1438 1793 1514 1890 ciis,
1531 1795 1635 1868 omni
1653 1791 1890 1872 necessitudi-

215 1953 218 1960 ,
236 1930 287 1986 ne
302 1896 537 1999 conjundios3
559 1915 721 1991 quorum
734 1889 912 1992 hospitiis,
928 1892 1167 1993 amplexibus,
1184 1891 1316 1966 animis
1334 1888 1556 1992 gratisfimus
1574 1891 1654 1966 laos
1672 1915 1710 1968 es
1727 1897 1891 1995 excipie-

234 2007 313 2090 1is;·
330 2020 490 2097 quorum
506 1991 718 2090 quotidiana
732 1991 911 2087 colloquia
920 1987 1200 2086 facileomnem,
1214 1999 1323 2085 quam
1339 1990 1460 2064 animo
1476 2013 1590 2064 conce
1620 1992 1630 2063 i
1663 1994 1684 2088 ',
1699 1993 1894 2095 aegritudi-

173 2117 182 2128 ·
234 2125 324 2184 nem
341 2097 408 2171 tibi
421 2083 635 2191 abstergent.
684 2079 908 2184 Denique&
928 2085 1032 2162 solari
1044 2091 1082 2162 in
1097 2089 1162 2162 hac
1176 2089 1370 2163 calamitate
1383 2109 1418 2164 te
1428 2085 1581 2260 poliunt
1592 2015 1752 2166 bonella
1768 2093 1894 2168 horni-

235 2224 328 2278 num
341 2193 486 2295 judicia,
499 2191 568 2286 qui
577 2187 740 2286 injuriam
757 2186 822 2260 tibi
835 2185 963 2260 sadlam
979 2207 1117 2260 norunt
1137 2210 1216 2260 non
1240 2184 1368 2283 solum,
1391 2184 1426 2260 se
1473 2185 1511 2260 ὃ(
1537 2185 1606 2262 suis
1622 2186 1815 2268 sententiis
1829 2191 1895 2267 da·

235 2315 418 2374 mnarum.
468 2289 533 2364 Ne
552 2283 640 2384 quid
661 2283 706 2358 de
719 2286 762 2359 iis
778 2281 909 2380 dicam,
925 2287 990 2381 qui
1004 2283 1113 2360 solam
1128 2287 1351 2386 potentioris
1382 2287 1435 2359 tui
1454 2281 1815 2366 hostis-autoritatem
1842 2290 1895 2365 se·

237 2399 326 2494 cuti,
352 2415 442 2488 eam,
465 2413 575 2485 quem
593 2407 658 2462 ore
677 2383 922 2484 protulerunt,
943 2381 1153 2458 sententiam
1173 2404 1255 2459 toto
1277 2384 1399 2458 animo
1423 2381 1462 2457 dt
1487 2381 1637 2485 pedore
1658 2407 1894 2488 execrantur,

236 2520 317 2573 eam
357 2487 475 2565 ublice
491 2487 740 2579 connariaque
754 2480 924 2556 sententia
936 2479 1148 2580 damnaturi,
1158 2477 1196 2579 sr,
1206 2480 1309 2578 quod
1328 2479 1416 2556 ver'e
1431 2478 1600 2581 sentiunt,
1612 2481 1764 2585 impune
1780 2491 1896 2564 etiam

236 2597 277 2671 in
286 2519 424 2692 jubicio
443 2581 571 2665 efferte
584 2579 735 2684 possint.
786 2579 912 2685 Qare
929 2603 975 2656 ne
989 2603 1025 2655 te
1040 2581 1099 2655 vel
1121 2581 1324 2676 relinquere
1344 2580 1444 2678 alios,
1462 2581 1521 2658 vel
1541 2579 1728 2662 desertum
1742 2585 1788 2660 ab
1804 2591 1896 2664 ami-

236 2695 290 2772 cis
335 2709 414 2783 ures
441 2710 602 2783 quorum
617 2701 657 2755 ut
670 2680 779 2777 aliqui
792 2679 959 2754 clamtibi
972 2678 1108 2776 favent,
1122 2682 1169 2756 ita
1184 2680 1290 2753 multi
1304 2677 1422 2780 palam
1436 2700 1513 2756 tuas
1526 2701 1649 2782 partes
1669 2679 1896 2782 sequunturt

236 2814 298 2868 me
307 2717 476 2888 babebis,
491 2811 602 2886 quem
615 2776 759 2880 semper
775 2773 940 2891 habuisti,
957 2781 1062 2854 omni
1076 2775 1211 2878 officio,
1230 2801 1316 2878 ope,
1334 2797 1521 2880 operaque
1536 2801 1654 2881 tuum,
1669 2784 1735 2882 qui
1750 2805 1789 2866 te
1802 2783 1899 2887 seno

236 2913 308 2993 per
321 2889 359 2964 dc
372 2882 543 2967 observet
562 2886 600 2963 δι
616 2881 710 2955 eolat
726 2877 764 2954 δι
778 2873 911 2976 diligat.
961 2878 1061 2955 Vale.

122 3225 140 3236 Γ
173 3127 221 3200 23
566 3123 604 3188 ·,
648 3075 820 3181 Eadem
837 3072 1035 3216 Epistola
1052 3073 1254 3218 amplius
1268 3078 1473 3186 dedunt.

336 3275 662 3381 Qemadmodunr
675 3277 830 3382 aliorum
843 3279 983 3362 morbis
997 3275 1189 3357 difficulter
1201 3283 1406 3380 medentur,
1425 3284 1488 3379 qui
1501 3267 1569 3386 ip'fi
1585 3287 1699 3364 totius
1720 3293 1897 3392 corporis

236 3381 428 3457 doloribus
444 3373 714 3492 oppressasunt3
738 3378 785 3452 ita
799 3401 927 3478 parum
936 3377 1255 3457 mihiconfiderate
1266 3405 1374 3482 agere
1384 3383 1514 3456 vrdeor
1534 3385 1599 3478 qui
1610 3389 1800 3490 reerigere
1809 3391 1897 3466 alili·
1972 3371 1973 3405 ¹

237 3481 342 3556 {lum
355 3479 392 3552 ἃ
409 3499 564 3550 exerrare
577 3475 759 3572 abjedlum
769 3478 891 3572 cupio,
905 3475 1036 3576 cuiipfi
1049 3479 1252 3577 optandum
1268 3499 1341 3554 erat
1356 3479 1438 3553 mali
1449 3477 1501 3556 sui
1527 3489 1898 3568 evomentum.Acer·

239 3573 427 3652 bissrmum
444 3577 542 3648 enim
560 3573 728 3649 dolorem
746 3572 843 3648 hauli
855 3597 901 3647 ex
915 3594 979 3649 tuo
994 3576 1246 3675 incommodo,
1260 3581 1386 3674 tuique
1400 3576 1498 3652 causa
1512 3580 1649 3658 intimis
1662 3581 1824 3662 sensibus
1836 3613 1896 3664 an·

270 3699 323 3749 or.
351 3674 414 3746 Tu
428 3694 547 3747 tamen
560 3672 652 3746 mihi
666 3674 713 3746 ita
726 3672 842 3746 haeres
855 3674 891 3745 in
904 3672 1082 3770 medulliS,
1099 3677 1146 3750 ita
1158 3697 1194 3750 te
1211 3675 1291 3749 fero
1307 3677 1433 3772 oculis,
1448 3697 1500 3772 ut,
1518 3679 1690 3774 quicquid
1709 3683 1761 3757 est
1775 3688 1815 3760 in
1831 3710 1896 3788 pe·
1971 3711 1972 3750 ÷

234 3701 345 3850 ¹dl‘lore
367 3793 454 3846 meo
469 3769 649 3865 reliquum
663 3767 800 3844 confilii
813 3771 851 3844 dc
864 3772 961 3872 opis,
973 3769 1012 3844 id
1025 3795 1136 3846 omne
1149 3773 1214 3845 tibi
1226 3773 1369 3872 cupiam
1382 3773 1554 3874 impendi.
1578 3773 1762 3880 Singulari
1771 3787 1898 3883 itaque
1971 3787 1972 3813 ¹

239 3871 361 3948 studio
375 3894 395 3945 a
407 3865 649 3963 recontendo,
663 3888 703 3942 ut
719 3866 880 3967 teipsum
896 3869 1102 3944 adhorteris
1118 3870 1155 3943 dc
1167 3869 1326 3967 indures,
1334 3869 1504 3948 acdolori
1513 3894 1577 3948 tuo
1586 3899 1738 3954 manum
1746 3883 1897 3984 injicias,

241 3995 289 4048 ne
301 3971 359 4044 ille
376 3991 412 4044 te
427 3965 609 4062 virum&
622 3965 771 4062 quidem
779 3965 975 4065 sapientem
990 3969 1124 4065 virum,
1160 3965 1345 4044 rosternat.
1369 3968 1482 4046 Nosti
1495 3993 1599 4046 vetus
1610 3974 1711 4076 illud,
1721 3979 1897 4060 homines
1970 3995 1971 4050 l

241 4095 312 4148 nos
327 4067 407 4165 else,
423 4065 461 4142 ἃ
482 4063 571 4138 nihil
585 4063 769 4164 immania
784 4066 891 4140 nobis
913 4065 1082 4140 alienum·
1131 3993 1250 4166 duod
1266 4063 1292 4141 fi
1306 4088 1341 4142 te
1361 4091 1490 4168 parum
1509 4069 1731 4172 consolatur,
1749 4079 1841 4154 nde
1858 4085 1897 4157 in
1970 4073 1971 4114 ³

242 4187 443 4265 quo-motu
457 4186 683 4263 temporum,
697 4161 1128 4258 quantainconversrone
1141 4165 1311 4240 rerum&
1355 4165 1604 4245 erturbatione
1621 4173 1824 4278 versemur,
1834 4184 1900 4280 qui

242 4290 321 4340 non
335 4261 454 4341 modo
467 4261 611 4336 succum
628 4283 779 4336 omnem
793 4261 830 4334 dc
844 4260 1055 4363 sanguinem
1067 4259 1259 4359 amisimus,
1281 4190 1352 4338 sed)
1362 4266 1469 4340 eriam
1491 4266 1655 4344 colorem
1675 4273 1714 4346 dc
1737 4273 1900 4378 speciem

241 4361 429 4464 pristinam
438 4359 604 4436 civitatis.
658 4355 896 4457 Qaefireue
905 4357 1003 4459 apud
1012 4361 1172 4434 animum
1181 4361 1671 4462 reputaveris,moderatiore
1685 4375 1814 4450 animo
1825 4405 1901 4454 ma·
1969 4352 1970 4440 i

241 4465 320 4542 lum
332 4481 437 4572 tuum
448 4457 559 4572 letes,
575 4456 613 4534 δι
628 4454 808 4568 ιηρξςῷεε
820 4481 950 4562 paryas
964 4457 1119 4568 acleyes
1131 4457 1322 4564 facilesque
1339 4461 1534 4566 toleranter
1546 4467 1761 4564 experieris.
1785 4475 1901 4554 Plura

861 4611 864 4618 -
1828 4601 1901 4656 vrr-

1954 5051 1968 5196 ,
