3948 5234
594 235 679 338 Cap.
700 229 746 318 X.
786 234 846 315 De
859 239 1052 344 Eacetptit
1073 247 1236 328 Partitis.
1513 211 1517 224 .
1659 269 1733 361 ὄις
1771 179 1783 224 Ἰ

82 403 239 576 Ιᾶιιιιιιβι
254 365 366 488 mater,
387 411 442 476 ie.
455 403 601 480 Alcmena
621 431 704 500 12179.
737 413 927 494 ‚Herculeus
948 417 1095 514 wieres
1116 441 1194 507 twa.
1210 424 1282 510 368.
1333 422 1493 496 Herodea
1502 419 1629 526 sagitte
1651 436 1733 520 um·

115 531 170 574 erc
202 529 231 576 et
249 525 371 605 nepotes
390 529 483 596 &545-
1401 546 1403 554 ’
1626 579 1629 588 ,

184 664 285 742 Patet
309 691 354 742 cx
376 667 443 766 his,
460 667 547 744 nihil
571 667 638 744 elle
656 669 732 746 hoc
753 669 875 747 labore
891 659 1025 752 utilius.
1094 677 1316 780 Plerumque
1339 683 1495 760 enimin
1518 687 1584 764 illis
1598 687 1725 768 Po'e'ta·
1744 701 1784 776 ¹5

79 793 163 843 rum
181 767 268 842 locis
283 767 473 862 haeremus,
496 791 613 864 neque
634 767 749 846 sensus
767 769 913 846 illorum
928 772 1007 850 satis
1022 777 1258 878 percipimus.
1332 780 1436 858 Talia
1449 785 1615 886 inprimis
1630 787 1729 889 apud
1795 762 1809 782 ¹

77 867 231 942 Statium
246 867 356 940 multa
372 889 580 966 occurrunt,
598 867 635 957 ἃ
650 867 746 969 apud
762 870 849 944 alios
862 869 1001 948 Paetus.
1075 875 1116 958 E.
1134 901 1170 978 g.
1197 885 1322 950 Geticus
1334 883 1486 968 Maritus,
1497 907 1558 986 pro
1573 887 1732 962 Vulcano:

80 975 209 1038 Geticut
229 971 323 1056 Vates
332 987 391 1066 pro
409 967 528 1066 Orpheo
539 994 553 1036 .·
578 973 720 1039 Geticum
727 970 882 1069 plellrum
893 992 955 1072 pro
972 975 1106 1069 ejusdem
1123 976 1237 1076 Orphei
1254 979 1344 1072 lyra:
1371 985 1480 1052 Getica
1496 1008 1591 1054 ornus
1643 1010 1726 1056 aar·

78 1063 204 1137 breibtts
215 1087 271 1164 prr
284 1071 348 1160 ejus
363 1067 465 1160 lyreuu
485 1075 645 1136 coniuratis
657 1095 670 1137 .·
692 1074 808 1148 ,Getici
829 1094 958 1156 amores,
973 1080 995 1147 i.
1011 1100 1035 1143 e.
1052 1075 1197 1169 oratioe,
1211 1103 1306 1176 qream
1326 1083 1442 1150 Boreas
1460 1090 1567 1180 rapuit
1631 1087 1677 1176 [β
1698 1110 1726 1168 a,

84 1169 224 1236 Thracia
232 1163 340 1260 fluuio.
415 1171 526 1235 Getice
542 1167 692 1250 volucres,
706 1175 757 1238 ie.
771 1169 935 1241 Philomela
952 1165 996 1243 ὅ
1013 1177 1144 1272 Progne.
1217 1177 1390 1248 Arcadicus
1405 1181 1546 1276 galerus,
1560 1187 1580 1250 i.
1593 1207 1617 1249 e.
1625 1183 1726 1285 pileus

79 1269 248 1346 Mercurii,
265 1272 320 1364 qui
333 1267 432 1333 Arcas
453 1265 499 1360 ιβ.
573 1266 677 1336 Aliae
688 1269 792 1361 sares,
811 1275 831 1337 i.
844 1293 868 1339 e.
885 1294 951 1368 qua
975 1277 1008 1339 in
1015 1269 1119 1368 sicrir
1137 1276 1258 1343 Cereris
1277 1277 1328 1344 uel
1349 1277 1486 1348 Palladis
1501 1281 1725 1376 preferuntur.

80 1365 174 1436 aaa
186 1359 308 1448 imbres,
321 1371 340 1434 i.
357 1389 381 1434 e.
391 1365 529 1460 seroces.
603 1361 734 1458 Attsouia
757 1387 840 1466 toga,
855 1373 907 1436 ie.
918 1389 1051 1466 pacatus
1067 1373 1163 1440 Italia
1175 1371 1285 1466 status.
1358 1379 1542 1446 Centaurica
1547 1377 1668 1474 fi‘nriua
1688 1379 1727 1451 de

79 1469 185 1566 Fquis.
259 1467 384 1534 Cilicum
398 1489 466 1548 ver,
479 1470 498 1534 i.
506 1490 531 1534 e.
545 1463 653 1536 odores
663 1461 834 1564 fitauffmi.
906 1471 1037 1561 Corycia
1051 1494 1150 1552 coma,
1165 1477 1215 1539 ie.
1230 1481 1348 1542 uicus.
1423 1477 1584 1574 Cyelopum
1597 1471 1726 1562 liaberet,
1774 1547 1777 1552 .

74 1585 134 1664 pru
150 1563 262 1634 validis
277 1559 441 1662 &firmia
515 1563 651 1664 Cyniphii
666 1564 774 1665 vairpi,
790 1573 809 1636 i.
817 1593 841 1634 e.
855 1567 1006 1659 Africani.
1051 1569 1238 1667 'cyrrham
1255 1571 1369 1654 hiatus,
1382 1579 1538 1646 iaantra
1552 1569 1595 1647 is
1610 1571 1725 1645 umbra

81 1661 222 1762 Parnaffi.
297 1667 473 1732 Dauaneius
495 1667 615 1760 Argue,
635 1671 654 1736 i.
671 1691 696 1734 e.
720 1665 924 1764 Amphiaraus
951 1671 1098 1765 Argiutee.
1171 1671 1327 1739 Danaeius
1351 1671 1486 1754 volucer,
1506 1677 1525 1740 i.
1540 1699 1563 1742 e.
1588 1670 1725 1759 Perseus,

53 1755 57 1762 ’
82 1763 252 1856 Bissliotrirtr
271 1761 352 1858 eufit,
362 1781 495 1862 propter
509 1767 662 1846 Martem,
681 1772 736 1863 qui
749 1759 791 1832 ibi
801 1765 948 1874 tempium
963 1761 1091 1835 habebat
1107 1762 1174 1838 &a
1227 1771 1229 1776 ’
1261 1765 1359 1868 Quae
1375 1763 1401 1840 sl
1417 1769 1539 1843 omnia
1558 1771 1597 1844 in
1610 1795 1726 1844 unum

82 1861 258 1936 volumen
275 1885 319 1934 ex
337 1859 507 1936 omnibus
530 1863 650 1960 poitis
674 1861 821 1936 collei'ta
842 1865 921 1958 lint,
942 1885 1117 1962 magnum
1142 1861 1227 1940 hinc
1249 1863 1294 1938 ad
1319 1889 1397 1938 tem
1421 1868 1601 1966 poeticam
1626 1892 1725 1942 cum·

82 1960 237 2034 modum
249 1957 355 2035 'elietz
378 1955 438 2042 sed
454 1984 551 2061 nunc
568 1957 665 2036 forte
680 1984 791 2035 nemo
807 1958 904 2034 hunc
919 1957 1081 2033 laborem
1097 1959 1321 2060 suscepturus
1339 1959 1399 2058 est,
1472 1969 1493 2016 ¹*
1517 1963 1726 2041 Phraseolo·
1742 1967 1787 2037 16

81 2062 180 2172 giam
195 2061 376 2160 poeticam
403 2082 477 2132 non
502 2059 624 2160 inepte
647 2059 877 2139 concinnavit
893 2056 1062 2159 Nomeffeus
1081 2062 1118 2134 in
1139 2059 1281 2160 Paruuffii
1292 2059 1352 2158 fito
1372 2059 1535 2160 Poetico,
1561 2060 1727 2140 addue‘iis
1792 2114 1795 2127 ‚

83 2161 234 2260 integris
248 2157 446 2234 Poetarum
460 2157 559 2234 locis.
628 2155 797 2235 Concisas
812 2157 848 2233 d(
866 2180 1053 2259 excerptas
1074 2157 1217 2262 phrases
1237 2185 1277 2234 ac
1299 2161 1524 2275 periphrases
1541 2161 1645 2238 dedit
1666 2169 1729 2235 Ba·
1908 2245 1912 2254 ,

83 2259 264 2332 cierius'in
281 2257 406 2356 Flavtffls
421 2261 561 2342 Poeticae,
586 2259 776 2356 aliquoties
797 2255 937 2332 recusas.
1002 2255 1081 2360 Qti
1101 2257 1192 2332 liber
1214 2258 1298 2334 ideo
1318 2259 1519 2336 utiltffit'nus
1538 2259 1600 2358 est,
1625 2261 1730 2360 quod
1784 2259 1788 2266 ’

84 2360 277 2434 nominum
294 2358 547 2456 propriorum,
599 2358 1010 2470 entium&regionum‚
1033 2380 1116 2430 com
1146 2358 1351 2434 arationum
1372 2357 1513 2438 Indices
1534 2360 1730 2460 peculiares
1818 2413 1821 2420 ,

84 2457 322 2554 subjiciantur.
398 2453 536 2530 Omnia
552 2384 631 2532 idat
651 2481 695 2529 ex
710 2455 872 2558 probans
894 2454 1079 2530 autoribus
1127 2453 1303 2556 esumpta,
1321 2458 1410 2534 locis
1433 2457 1540 2533 etiam
1562 2483 1731 2536 nonnun-

87 2581 196 2656 quam
213 2553 362 2650 additis;
386 2577 470 2630 cum
495 2559 690 2630 Weiurt'riius
704 2563 736 2627 in
751 2553 940 2652 AErariofieo
956 2553 1126 2653 pleraque
1140 2575 1159 2626 e
1173 2553 1307 2630 lacunis
1326 2555 1467 2634 hauriat
1485 2559 1731 2632 recentiorum

87 2657 315 2732 Poetarum·
969 2673 975 2685 “

186 2823 244 2896 Ut
264 2820 459 2895 nominum
473 2815 511 2890 da
527 2811 725 2916 phrafium,
751 2818 797 2890 ita
818 2815 855 2890 ἃ
875 2813 1130 2888 Formttlarum
1155 2837 1194 2888 ac
1218 2817 1485 2891 Sententiarum
1505 2811 1735 2893 Colleilanea
1753 2837 1794 2910 ¹7
1899 2860 1905 2872 ·

89 2919 224 2996 institui
240 2917 399 3024 poliunt,
414 2939 568 3014 quarum
590 2913 672 2988 usus
692 2918 869 2988 maximus
885 2911 934 2986 est
950 2915 987 2988 in
999 2916 1151 2988 intentis
1168 2915 1395 3012 carminibua,
1445 2941 1501 2990 uae
1522 2919 1559 2991 in
1579 2917 1735 3016 aliquam

90 3024 230 3096 molem
244 3017 460 3093 excrescunt.
510 3015 610 3088 Nam
629 3013 940 3112 quemadmodum
957 3016 992 3087 in
1001 2981 1171 3114 Epistolis
1178 3017 1234 3110 βο.
1244 2941 1617 3120 Searckiusdngulares
1634 3037 1737 3112 quas·

94 3119 176 3196 dam
190 3119 380 3197 Formulas
395 3115 554 3216 collegit,
570 3123 713 3188 easdem
734 3113 840 3187 etiam
863 3113 1011 3188 daturus
1032 3117 1070 3188 in
1085 3113 1286 3192 Oratoriis:
1326 3115 1374 3188 ita
1389 3114 1426 3190 dt
1447 3117 1484 3190 in
1501 3115 1656 3201 Poeticis
1677 3115 1735 3190 illa

94 3219 170 3296 dari
185 3215 345 3320 poliunt,
359 3239 398 3289 ac
413 3213 627 3314 promiserat
642 3233 790 3310 quoque
808 3213 882 3314 ipse
899 3211 1094 3291 Starckius.
1168 3211 1446 3290 Attendendum
1467 3214 1526 3289 hic
1541 3211 1591 3288 est
1610 3208 1733 3288 sedulo

94 3321 131 3394 in
153 3319 367 3411 carminum,
387 3316 571 3414 praecipue
590 3313 659 3385 Vir
689 3311 891 3409 ilianorum,
908 3310 1076 3410 leilione,
1090 3309 1221 3409 quibus
1244 3309 1413 3385 formulis
1436 3312 1608 3388 membris
1622 3335 1736 3387 mem·
1775 3361 1780 3382 i

95 3419 156 3492 bra
173 3413 375 3510 conneilat,
392 3413 628 3486 enarratione
641 3336 686 3486 ad
702 3413 944 3484 narrationem
959 3407 1138 3484 transiens.
1187 3409 1374 3482 Exiouum
1390 3433 1514 3484 earum
1528 3433 1662 3512 typum
1676 3433 1736 3486 ex·

96 3518 214 3592 hibuit
230 3521 341 3614 Georg.
357 3510 511 3610 Fabricius
526 3511 575 3582 lii.
587 3537 612 3582 2.
629 3511 668 3580 de
681 3515 730 3581 Re
744 3515 875 3581 Portica.
922 3505 1071 3582 Poiiunt
1086 3509 1123 3583 dt
1137 3475 1320 3583 nonnullae
1338 3505 1507 3584 formulae
1515 3508 1739 3611 Epistolares
1801 3539 1805 3544 ·

96 3615 261 3691 Satrckio
280 3634 424 3706 notatae,
444 3613 549 3685 etiam
567 3611 603 3683 da
620 3611 655 3682 in
671 3608 825 3684 Poeticis
845 3607 976 3682 habere
997 3608 1131 3705 locum,
1146 3631 1298 3704 quarum
1327 3609 1537 3708 exemplum
1564 3608 1739 3683 habemus

98 3719 135 3790 in
148 3703 321 3814 Epi'stolis
337 3709 545 3798 Heroidum
565 3707 708 3803 Ovidii,
729 3707 891 3784 absoluto
913 3707 1034 3780 omnis
1056 3706 1242 3807 elegantia
1256 3705 1430 3780 Romanae
1443 3705 1584 3808 Opere.
1631 3705 1741 3782 Tales

100 3840 172 3889 aar.
185 3812 276 3888 sunt.
329 3815 398 3881 Non
407 3808 521 3910 poffitm
535 3811 653 3908 eloqtei:
678 3833 715 3876 ue
729 3801 998 3906 lougum'saciam:
1020 3823 1058 3874 tet
1071 3829 1180 3875 vuum
1187 3807 1322 3901 fatear:
1334 3802 1469 3908 semper,
1477 3833 1645 3910 nuquam,
1651 3813 1744 3908 priua

100 3883 243 3986 monriar:
264 3907 455 4012 exprobrare
470 3908 677 4002 jailautiam:
700 3913 790 3978 irriti
803 3925 940 3988 enutris,
959 3909 1048 3974 irriti
1054 3900 1211 4002 sermones
1227 3903 1293 3979 &a

199 4077 288 4154 Huc
301 4073 428 4150 referri
443 4073 549 4149 etiam
564 4069 699 4150 debent
720 4071 777 4146 illa
788 4066 1018 4146 Colleilanea
1030 4065 1358 4168 ornamentorum,
1381 4095 1464 4168 quae
1480 4071 1517 4144 in
1534 4070 1641 4163 variis
1661 4086 1805 4166 con-13

103 4177 234 4254 listunt.
291 4170 692 4273 1.Comparationibus.
742 4170 833 4244 Sunt
849 4167 946 4242 enim
961 4165 1264 4268 Comparationes
1277 4168 1410 4266 Poetis,
1430 4173 1597 4269 inprimis
1612 4167 1745 4242 Heroi-
1837 4205 1848 4214 -

105 4283 152 4356 cis
166 4276 369 4370 familiareS,
388 4297 427 4346 ac
443 4269 595 4346 mirifice
614 4290 744 4344 ornant
759 4283 913 4343 carmen.
960 4263 1059 4338 Cum
1074 4269 1170 4338 enim
1181 4265 1291 4342 Poeta
1305 4266 1486 4368 piiiorem
1501 4271 1673 4362 imitetur,
1681 4267 1747 4363 qui

105 4376 291 4456 coloribus
305 4371 621 4448 suis&luminibus
636 4369 682 4442 ita
698 4393 778 4444 rem
794 4366 843 4442 ob
855 4365 981 4442 oculos
996 4363 1091 4462 listit,
1101 4384 1143 4438 ut
1153 4367 1278 4440 vivam
1295 4366 1408 4441 oculis
1420 4365 1600 4440 obversari
1613 4363 1766 4447 credast'

106 4479 153 4554 ita
168 4477 281 4552 Poeta
300 4468 630 4572 comparationibus
649 4465 801 4575 mirifice
815 4457 1248 4639 rem'ornat.Kkl{akrum
1261 4463 1426 4540 colledio
1445 4465 1638 4566 diligenter
1658 4459 1753 4634 inllii·
1862 4519 1865 4524 .

157 4577 307 4652 Turnus
332 4570 361 4646 Ι.
425 4629 430 4636 .
1623 4585 1793 4636 taenea,
