3910 5234
254 291 334 379 782
554 299 559 309 ,
805 259 971 373 raptast.
1003 266 1114 354 teter.
1173 265 1249 351 ru.
1271 265 1339 352 W.

258 465 361 524 extat
378 441 527 542 symois
542 443 659 521 uraca
671 439 758 511 'non
780 438 1091 516 contemnendum
1104 437 1147 516 O
1176 462 1228 515 us.
1261 523 1263 533 Α
1301 434 1449 538 Scripsit
1474 433 1513 512 ὃ(
1533 436 1773 542 Calb'grapfflto,
1793 433 1889 512 Frui·

258 545 335 622 eof.
358 565 460 638 1590·
475 541 515 614 in
531 553 561 624 8.
578 534 721 635 editam,
734 536 869 612 librum
896 537 946 612 ad
961 464 1225 614 conficiendam
1245 539 1450 614 orationem
1476 536 1645 612 Graecam
1668 533 1890 612 utilissimum:

260 663 473 820 guanquam
489 635 661 712 omnibus
685 637 845 711 numeris
860 636 1041 713 absolutus
1055 634 1207 729 non·stt;
1233 637 1432 733 Benziique
1448 633 1655 713 Thesaurus
1680 635 1731 710 illi
1753 633 1892 737 praestet.

279 742 328 818 ⁴st
343 761 461 818 tamen
474 732 555 810 usus
568 732 666 833 apud
681 757 833 834 tyrones
845 733 1200 832 noncontemnendi.
1251 735 1369 815 Multa
1384 733 1463 809 sane
1477 731 1525 808 ad
1539 732 1745 834 persedum
1759 734 1894 832 aliquod

263 844 376 943 Opus
388 835 495 934 hujus
511 859 550 909 er
604 838 717 908 menti
731 835 977 932 requiruntur,
991 857 1111 931 neque
1131 831 1219 910 illud
1236 832 1395 908 lludium
1414 831 1557 907 Graecae
1573 833 1707 934 liuguae
1729 859 1822 908 nunc
1842 831 1895 930 est,

207 989 211 998 «
261 964 304 1017 ut
352 940 407 1013 uis
426 857 783 1010 huncffiilaborem
798 929 938 1008 sumere
953 935 1057 1008 velit:
1085 931 1243 1030 ideoque
1258 936 1295 1006 in
1310 934 1430 1033 pretio
1450 930 1618 1028 habendi,
1639 956 1735 1062 quos
1760 931 1896 1008 nancisci

291 967 458 1116 ollamus,
508 1032 675 1110 Maxime
690 1034 730 1108 in
747 1032 819 1106 hoc
839 1055 974 1136 genere
994 1031 1244 1107 commendari
1265 1052 1427 1108 meretur
1452 1027 1734 1106 ANTOMUS
1755 1029 1896 1108 SCHO·

298 1138 371 1236 US,
396 1137 494 1210 aurei
514 1129 781 1207 libelliAusior
802 1133 979 1204 duratione
992 1131 1131 1204 docem
1146 1127 1350 1232 discendique
1367 1137 1478 1202 Grata
1492 1125 1535 1202 δ”
1552 1133 1667 1202 latina
1690 1135 1818 1231 lingua,
1838 1131 1895 1204 At·

258 1235 362 1341 gent.
386 1257 489 1330 1549.
504 1233 543 1304 in
560 1241 592 1313 8.
609 1229 707 1327 editi,
722 1231 759 1304 in
769 1255 844 1326 quo
871 1251 917 1302 ex
930 1229 1094 1306 Isocratis
1109 1229 1281 1329 paraenesi
1292 1227 1337 1304 ad
1350 1227 1608 1325 Demonicum,
1625 1227 1782 1304 modum
1794 1225 1895 1304 olien-

260 1339 330 1433 dit,
345 1357 422 1432 quo
439 1327 624 1432 phrastum
637 1329 675 1402 in
687 1329 812 1430 lingua
869 1351 969 1426 raeca,
986 1350 1074 1425 quas
1099 1351 1166 1428 per
1196 1349 1282 1406 etuo
1302 1352 1388 1402 cum
1412 1327 1547 1400 Latinis
1566 1325 1724 1425 confert,
1747 1325 1893 1402 observa

261 1437 383 1510 tiones
410 1425 636 1506 instituendae
659 1425 736 1502 lint.
788 1425 962 1502 Extat&
986 1427 1123 1499 Mrcu.
1198 1449 1361 1502 Eaunur
1385 1423 1595 1528 phi-usculogia
1613 1423 1769 1522 Isocratis,
1821 1423 1892 1500 uam

261 1535 331 1629 ille,
356 1555 402 1608 ex
421 1530 527 1627 hujus
542 1523 784 1602 Orationibus
808 1523 1008 1622 collectam,
1035 1521 1156 1600 &sub
1178 1526 1289 1600 titulis
1312 1525 1477 1620 locatam,
1500 1522 1653 1598 recentis
1678 1521 1730 1598 sui
1753 1452 1893 1600 nultus

264 1631 387 1706 uerbis
405 1629 568 1730 integris,
583 1619 748 1699 vuloavit
765 1622 864 1698 Ba'stl.
897 1651 1001 1722 1557.
1020 1625 1058 1698 in
1077 1637 1108 1709 8.
1158 1621 1331 1722 Ejusdem
1347 1620 1497 1698 instituti
1510 1617 1560 1694 est
1576 1619 1735 1714 Jtcont
1761 1621 1890 1722 thtu,

263 1729 417 1808 Abbetls
437 1727 570 1802 Graece
587 1693 823 1821 eruditissimi,
847 1727 1049 1808 locutionum
1064 1730 1254 1806 erasarum,
1277 1731 1310 1794 in
1325 1745 1497 1822 communes
1510 1722 1597 1790 locor
1601 1741 1661 1822 per
1679 1723 1712 1792 al
1730 1723 1829 1822 halcu
1851 1749 1893 1794 ot-

264 1831 367 1902 dr‘nnn
385 1827 579 1926 digestarum,
603 1825 765 1894 uolumen:
795 1819 899 1920 quod
914 1820 1038 1919 Paris,
1063 1841 1242 1922 vergente
1269 1819 1316 1894 ad
1340 1818 1454 1892 finem
1480 1816 1670 1918 superiore
1700 1743 1827 1919 seculo,
1851 1823 1893 1895 lu·

263 1950 347 2002 cem
376 1925 556 2026 publicam
581 1918 726 2020 aspexit.
801 1921 1029 1996 Poeticarum
1049 1917 1233 2022 phralium
1255 1919 1467 2020 congeriem
1492 1915 1641 2018 collegit
1666 1918 1762 2012 Jou.
1788 1921 1891 1994 Pntt.

263 2025 456 2117 Pnnrus,
486 2030 519 2092 iu
538 2018 691 2112 Mellqicio
711 2026 828 2102 Attico,
856 2043 1067 2116 quanquam
1096 2018 1133 2092 dr
1163 2019 1234 2092 illic
1259 2041 1337 2092 non
1355 2017 1488 2113 minus,
1512 2039 1622 2112 quam
1642 2020 1682 2092 iu
1704 2021 1892 2120 Call'graplr'a

263 2125 338 2221 ejus
353 2129 504 2201 Romana,
528 2115 710 2208 delellum
725 2117 913 2214 majorem,
929 2117 965 2191 dr
982 2113 1243 2190 distinsiiorem
1258 2113 1437 2212 ordinem,
1462 2116 1543 2211 quis
1568 2117 1739 2212 requirat.
1789 2119 1890 2192 Porro

265 2225 303 2297 dr
318 2224 355 2295 in
375 2215 530 2294 flosculis
552 2213 818 2311 sententiarum,
844 2213 1086 2288 formularum
1106 2211 1319 2312 solennium,
1343 2211 1567 2316 adagiorum,
1593 2239 1666 2316 pto
1685 2237 1815 2292 ornatu
1829 2241 1891 2291 ora·

265 2323 375 2396 rionis
392 2311 617 2416 colligendis,
639 2313 749 2408 aliqui
764 2311 939 2388 salubrem
1010 2335 1107 2385 eram
1128 2333 1313 2387 naverunt.
1386 2313 1501 2414 Leges
1523 2314 1642 2409 itaque
1667 2317 1766 2388 Mich.
1791 2315 1891 2416 Apula

268 2419 313 2499 lii,
339 2414 436 2486 anu.
472 2413 595 2498 Schorti
622 2409 812 2482 Prwrrlia:
847 2411 947 2505 ιΙΛΝΙ
985 2501 988 2506 ¹
1029 2433 1199 2488 RUTER1
1232 2417 1367 2482 Gnomrr
1385 2409 1558 2504 Jambt'cas,
1587 2416 1750 2510 quassit]
1780 2413 1890 2516 Opere

268 2505 675 2614 Adagiorum'suorum,
699 2533 743 2582 ex
763 2509 933 2586 omnibus
952 2503 1121 2612 gentibus
1140 2507 1390 2606 collesiorum,
1414 2506 1591 2609 cougeffit
1609 2511 1640 2582 F
1641 2512 1776 2587 raneof.
1804 2521 1889 2589 1610.
1936 2571 1937 2580 κ

268 2616 307 2687 in
333 2625 367 2697 8.
420 2607 479 2682 Ex
507 2607 678 2683 Homero
700 2605 763 2680 sub
787 2609 898 2682 titulis
921 2605 1093 2682 colledlos
1116 2607 1291 2682 habemus
1310 2607 1442 2701 versus,
1496 2609 1532 2680 ui
1551 2606 1782 2711 Adagiorum
1803 2610 1891 2688 'tollar

265 2731 536 2808 nonnunquam
556 2707 685 2782 Latino
705 2705 863 2780 sermoni
883 2704 1051 2810 inspergi·
1067 2703 1224 2806 poliunt,
1244 2732 1264 2780 a
1284 2706 1451 2799 Jacono
1468 2631 1712 2806 llnpomo,
1734 2713 1773 2786 in
1802 2711 1890 2805 libro,
1934 2725 1935 2781 l

264 2812 328 2885 cui
348 2809 490 2883 titulus:
522 2808 719 2905 Gnomologia
737 2810 877 2889 Homeri,
900 2805 1037 2906 duplici
1051 2805 1284 2902 parallelismo
1301 2802 1477 2903 illustrata,
1503 2829 1579 2880 uno
1594 2829 1640 2880 ex
1654 2807 1744 2885 locis
1767 2811 1800 2886 S.
1816 2811 1889 2884 Scri·
1933 2817 1934 2863 l

265 2931 398 3010 pturae,
423 2905 553 3002 quibus
578 2927 728 3004 gnomae
749 2902 959 2978 Homericae
986 2925 1047 2977 aut
1070 2927 1189 3003 prope
1213 2901 1361 3000 adfines,
1387 2925 1447 2978 aut
1469 2927 1545 2978 non
1566 2903 1714 3004 prorsus
1736 2908 1889 2984 ablimiles
1932 2905 1933 2947 l

261 3003 481 3093 efferuntur:
503 3003 616 3076 altero
632 3025 678 3074 cx
694 3003 860 3100 gentium
882 3001 1126 3102 scriptoribus.
1202 3001 1446 3104 Cantabrigiae
1477 3009 1577 3077 1660.
1600 3006 1639 3078 iu
1662 3032 1700 3102 4.
1725 3009 1757 3082 F
1758 3009 1887 3084 otmul'u
1931 2997 1932 3029 ¹

268 3099 473 3176 illiusmodi
492 3121 603 3173 nemo
624 3101 742 3198 aptius
758 3095 977 3199 &adposite
991 3101 1106 3200 magis
1125 3102 1249 3198 utitur,
1275 3123 1384 3198 quam
1412 3098 1644 3178 Casaubonus
1665 3105 1702 3180 u
1724 3105 1886 3181 Reinelius

267 3201 306 3273 in
329 3196 398 3272 suis
422 3195 599 3297 epistolis:
619 3197 789 3292 equibus
805 3219 1000 3300 excerpere
1013 3197 1088 3276 illus
1101 3197 1235 3306 potest,
1251 3201 1315 3304 qui
1327 3197 1497 3303 bilinguis
1516 3201 1555 3282 in
1569 3199 1730 3304 epistolis
1746 3203 1884 3288 ellevult
1928 3251 1929 3275 t

269 3297 453 3372 Revertor
466 3323 563 3371 nunc
577 3295 626 3372 nd
640 3295 918 3376 Grammaticos
972 3307 975 3314 “
1927 3329 1928 3359 t

210 3528 254 3584 12
355 3493 664 3590 'JERE-MIAS
689 3492 1163 3597 TSCHONDERUS,
1187 3498 1227 3572 in
1250 3496 1741 3599 Gymnasto'Vtutislavienli
1763 3503 1882 3580 Graue

268 3597 423 3672 Liuouae
442 3589 636 3690 Professor,
658 3590 796 3693 scripsit
811 3596 944 3690 Syflrm
956 3602 1173 3697 Grammap'cae
1193 3603 1312 3683 Grecis,
1336 3597 1438 3695 quod
1459 3625 1516 3676 ma
1544 3625 1594 3676 no
1614 3601 1672 3678 elo
1703 3605 1740 3680 ὀ
1767 3602 1881 3679 extoli
1923 3640 1924 3688 q

270 3663 404 3794 casiae
415 3693 620 3791 Scioppius.
668 3690 771 3764 Nam
797 3693 835 3765 in
857 3692 933 3767 line
959 3695 1221 3793 Conficlrauanum
1243 3695 1383 3776 suarum
1410 3700 1448 3769 de
1460 3700 1510 3792 flu
1540 3707 1580 3782 “s,
1603 3702 1651 3776 ita
1696 3700 1795 3778 abet:
1816 3708 1880 3772 Gra·

266 3817 335 3873 cam
355 3791 540 3894 Tscbondrri
555 3795 801 3864 Grammaticam
814 3803 869 3892 qni
884 3793 1015 3892 naltrfis'
1023 3797 1130 3898 potest,
1142 3819 1253 3898 magno
1259 3797 1491 3902 paradigmata,
1504 3801 1680 3900 mtsltasqur
1694 3807 1820 3902 regulus,
1841 3795 1880 3962 qq-

256 3918 259 3924 ·
1770 3897 1846 3998 disco
1871 3917 1878 3960 ¹
1908 3954 1912 3973 .

433 4088 552 4152 senone
565 4087 708 4151 Roslocltil
719 4089 920 4164 Sucrcll'oretn)
938 4095 972 4155 itt
990 4097 1176 4156 Literamrrm
1191 4097 1316 4156 Graecam
1329 4097 1449 4176 Meritis,
1469 4084 1631 4178 &Scriptis
1649 4099 1731 4160 variis
1756 4119 1810 4160 eun
1828 4093 1873 4152 illu·

384 4239 386 4250 Α
431 4175 592 4252 litantibus,
614 4176 782 4252 toticseufis
802 4199 832 4238 ac
844 4177 953 4256 rccufis,
971 4181 1003 4256 itt
1022 4179 1143 4242 Cimbris
1160 4180 1388 4244 Lireratasustus
1413 4181 1507 4244 sumus
1528 4183 1721 4259 commentati,
1740 4183 1771 4246 δι
1786 4177 1871 4262 judicit

433 4257 470 4319 de
483 4259 583 4320 iisdem
595 4258 783 4322 Eruditorum
795 4262 951 4326 honorifica
965 4265 1173 4346 quamplurima
1185 4266 1360 4348 collegimus.
1423 4269 1515 4327 Nunc
1528 4270 1603 4330 unici
1616 4268 1710 4328 saltem
1723 4267 1758 4326 de
1768 4265 1870 4345 (biligri-

429 4343 493 4425 phio
510 4346 621 4428 Liuguae
635 4343 734 4406 Graerae
748 4349 879 4408 oratoria
897 4351 1251 4428 mentioncm'injirietuus.
1270 4347 1404 4428 aNicod.
1418 4349 1587 4430 Fu'scltlitto,
1614 4356 1700 4411 Polite
1723 4351 1754 4414 &
1771 4345 1867 4410 Diocl-

427 4449 466 4488 co
480 4429 589 4506 celebri,
610 4429 737 4508 profedi,
755 4435 813 4512 qui,
831 4433 897 4493 teste
910 4435 981 4494 l’etr.
996 4435 1153 4494 Bambnmii
1168 4435 1276 4515 Poffrlio
1302 4437 1436 4512 Rediurro,
1457 4437 1526 4495 tutti
1548 4437 1654 4498 librum
1678 4435 1752 4498 huuc
1771 4433 1829 4506 serit,
1844 4443 1865 4484 nt

429 4512 590 4595 Discipulos
601 4535 669 4576 eum
683 4513 742 4598 stbi,
763 4518 807 4580 rel
821 4519 892 4584 vesle
906 4520 1034 4582 ntuntnis
1050 4535 1214 4600 permutata,
1229 4541 1391 4602 totnpuure
1403 4519 1514 4601 julletit.
