3984 5234
623 285 701 385 cap.
717 281 746 360 1.
795 278 855 362 De
882 277 1015 358 disesia
1039 285 1266 388 ingeniorum.
1680 309 1755 388 327

25 453 27 528 l
117 445 293 558 Operibus
307 449 465 530 Poeticie
483 447 643 528 Cowlaei
659 450 849 555 praemissa,
870 451 1039 530 Thomas
1061 454 1201 555 Spraat,
1231 439 1341 532 ¹nnlla'
1355 455 1494 531 ratione
1507 453 1676 534 inculcari
1686 457 1756 560 ipsi

25 563 27 664 ζ
114 549 255 658 potuisse
271 575 458 656 praecepta
474 551 746 629 Grammatices
760 551 1109 653 &protodiaconi
1124 577 1245 631 tamen
1261 558 1300 630 in
1315 553 1431 631 solnta
1444 555 1482 630 br
1497 556 1662 657 inligata
1675 582 1754 635 ora·
1815 647 1820 656 ‚

113 658 205 732 tione
221 653 376 753 optime,
395 653 503 728 etiam
516 652 635 752 prima
651 673 774 750 aetate,
791 650 968 730 scriberet.
1021 658 1044 702 'l
1055 654 1154 730 Male
1170 671 1291 730 tamen
1310 653 1450 755 colligit
1467 653 1643 755 HuartuS,
1657 681 1751 758 puer
1768 667 1814 742 33

112 753 187 830 siin
203 749 461 828 Grammaticis
484 773 562 827 non
584 750 768 854 proficiat,
787 748 855 826 esse
879 752 953 827 hoc
973 773 1233 857 argumentum
1256 754 1348 828 boni
1369 751 1589 848 intellectae
1615 759 1697 855 quia
1710 759 1750 834 in

111 847 1258 1030 iffaginadba&stvesnffria·d²·bi¹{1f‘}ppraest³m,i19rintegigffldi
1278 857 1335 929 vis
1354 849 1518 1024 si,p2dpson
1529 855 1653 1026 lienaim.
1669 857 1749 970 lraec

24 1085 26 1136 ᾖ
110 971 948 1165 salababrainellalinlneef
974 975 1565 1223 Qilail'v‘eliltinga‘lbn
1580 953 1750 1130 {Psoii
1808 1019 1815 1026 ·

24 1167 25 1202 ³
110 1149 266 1228 smeartrs
280 1172 401 1264 praece
428 1169 474 1224 ns
516 1143 656 1244 roficrt,
698 1145 861 1250 praeclari
874 1149 971 1225 hoc'
1002 1147 1164 1226 telesina
1185 1149 1470 1246 documentum,
1510 1148 1612 1246 cujus
1632 1149 1668 1224 se
1688 1154 1746 1228 ali·

111 1247 245 1350 qnando
259 1249 371 1324 visin
418 1249 459 1323 iis
501 1243 668 1348 isciplinis
682 1271 825 1324 exeret:
875 1247 963 1325 *ld
979 1251 1079 1324 enim
1102 1271 1242 1326 certum
1265 1247 1329 1348 est,
1349 1247 1544 1346 multisque
1567 1251 1744 1364 exemplis
1760 1269 1812 1346 34

110 1347 246 1448 conibet,
265 1345 469 1450 poetica&
484 1348 641 1420 oratoria
658 1343 823 1422 frenante
834 1372 913 1448 prae
926 1351 1056 1425 ceteris
1074 1346 1232 1452 insignes
1245 1346 1417 1424 omnibns
1429 1342 1553 1420 studiis
1565 1347 1624 1444 ad'
1638 1373 1746 1425 mara·

111 1451 218 1526 cnlnm
231 1471 349 1546 usqne
363 1443 462 1522 fniffe
478 1441 687 1544 aptissimos.
737 1445 903 1523 l'Incidit
919 1447 990 1548 bic,
1013 1444 1169 1548 quodin
1186 1443 1397 1523 viridariis.
1423 1444 1489 1518 W.
1507 1444 1634 1520 Goefii
1648 1446 1744 1524 Prae·
1762 1463 1809 1542 35

111 1549 231 1626 baone
246 1550 286 1623 in
303 1546 373 1622 Rei
390 1545 557 1650 Agraria:
576 1543 756 1643 Antores,
795 1571 889 1643 qnos
902 1545 961 1621 ille
982 1550 1080 1623 notis
1106 1543 1312 1645 illustravit,
1344 1547 1468 1650 legere
1482 1546 1642 1620 memini
1692 1547 1746 1624 lta
1822 1622 1826 1636 ,

110 1673 189 1726 vero
202 1649 280 1723 isle:
306 1653 383 1721 Cum
399 1642 544 1747 rogabar,
557 1647 832 1740 nesaveravcllam
846 1648 949 1718 mulne
961 1647 1145 1720 waurantis
1154 1648 1336 1730 Candidato,
1349 1645 1438 1748 quad
1449 1639 1492 1716 Εἴ
1508 1646 1605 1716 Pana
1619 1641 1664 1720 δῖ
1679 1651 1747 1722 Cri·

23 1773 24 1816 ι
111 1748 268 1848 aiureffee,
282 1771 343 1818 nan
363 1745 439 1818 adeo
453 1770 502 1816 me
520 1770 572 1815 res
585 1769 621 1814 ea
635 1746 878 1830 nandnerruit,
894 1765 933 1816 ur
950 1747 1063 1818 exinde
1079 1747 1269 1846 propenfiara'
1287 1753 1320 1816 in
1337 1771 1423 1830 uam,
1439 1767 1538 1843 quam
1555 1764 1657 1828 antea,
1670 1745 1744 1839 fer·

23 1893 25 1938 ς
111 1876 156 1920 rer
167 1849 265 1938 lindio.
315 1852 420 1948 Atque
432 1851 459 1916 ir
472 1845 517 1916 ad
530 1870 606 1930 eam,
620 1866 715 1944 quam
737 1841 914 1944 exoptabat,
934 1845 1120 1944 dignitatem
1139 1865 1302 1944 promotus
1321 1848 1373 1916 val
1390 1840 1471 1935 [olus
1490 1843 1673 1916 documento
1690 1841 1743 1942 effa

108 1944 478 2052 paffenquamvaniftat,
519 1937 746 2038 ai‘tamflultis
758 1943 943 2043 prejudiciis
958 1945 1021 2014 hac
1034 1945 1186 2014 damnant
1199 1939 1243 2018 (ἴ
1252 1941 1460 2045 proscribunt.
1515 1939 1743 2018 *Diodorus
1760 1943 1808 2032 36

111 2071 245 2148 qnoque
263 2042 469 2139 Tnldenus,
483 1969 597 2134 qutus
615 2044 798 2144 egregius,
814 2046 852 2116 in
866 2065 978 2116 aureo
993 2041 1068 2141 illo,
1085 2065 1197 2140 quem
1213 2042 1262 2118 de
1284 2048 1326 2114 Co
1346 2049 1460 2113 niriom
1473 2040 1527 2139 sui
1546 2039 1642 2114 libro
1661 2039 1743 2118 scri-

109 2146 187 2250 pfit,
203 2144 250 2218 lii.
256 2171 288 2239 3.
307 2172 334 2216 c.
343 2170 362 2216 ι.
376 2145 424 2217 ita
437 2140 484 2216 de
503 2137 683 2218 Oratore:
706 2146 860 2240 Quane:
872 2143 1125 2244 jurisprudentia
1143 2145 1288 2214 uriarum
1318 2149 1404 2242 perer
1418 2141 1632 2242 prumiam,
1690 2165 1744 2214 am

109 2252 289 2348 eloquentia,-
311 2268 408 2315 verus
422 2261 527 2314 tamen
540 2246 661 2313 Orator
673 2265 734 2312 nan
746 2248 858 2340 ingenii
868 2259 996 2313 annum
1012 2250 1056 2325 vi,
1067 2241 1129 2342 fid
1147 2237 1191 2316 ὅ
1197 2240 1332 2339 sciema'ae
1347 2241 1548 2339 aptitudine
1565 2243 1637 2340 Legi
1659 2246 1741 2336 qum

108 2347 255 2418 maereba.
306 2341 463 2418 Grotius
474 2341 674 2438 ¹qnoquein
689 2337 841 2440 epistola
855 2359 931 2430 179.
947 2338 993 2415 ad
1007 2339 1155 2418 Gallos:
1180 2338 1410 2436 Jara'rcon'fialti
1422 2362 1543 2420 munau,
1559 2338 1620 2435 ait,
1634 2347 1741 2410 virum
1811 2393 1815 2401 .

109 2469 313 2547 magnumnan
319 2445 434 2538 faciet,
450 2441 505 2536 niss
515 2441 689 2538 eloquentia
704 2440 842 2522 aracha,
855 2435 999 2536 cujus&
1010 2461 1094 2540 praa
1131 2459 1166 2510 ta
1180 2435 1224 2512 ὅ*
1240 2445 1590 2536 exercitoriamagnam
1613 2437 1741 2538 diligan-

107 2555 203 2616 riamr
230 2551 237 2568 '
257 2562 336 2615 unt:
354 2536 529 2644 prasertim
548 2557 903 2620 cammerinorum:
925 2537 1046 2622 docem
1062 2463 1165 2610 arsam
1187 2538 1341 2640 qraeradam
1358 2535 1518 2634 defiaplina
1535 2561 1646 2614 aare:
1664 2534 1739 2634 insa
1842 2577 1844 2582 ·
1924 2589 1928 2614 ,

108 2647 209 2746 cample
238 2663 324 2714 atur.
372 2645 393 2687 *
408 2638 535 2737 Quare
551 2659 619 2710 nec
632 2635 720 2716 illud
735 2634 944 2738 simpliciter
959 2636 1206 2736 probaverim,
1221 2633 1325 2732 qnod
1344 2633 1505 2708 Huartus
1519 2631 1648 2730 statuit,
1665 2641 1740 2706 Gan·
1757 2660 1806 2734 37

109 2747 406 2815 nannaresaximios
422 2763 498 2809 raro
510 2737 662 2836 pinguiari
674 2735 825 2808 intessac‘in
837 2720 1012 2836 pradinas:
1042 2733 1119 2810 Etsr
1142 2737 1241 2810 enirn
1265 2737 1303 2808 in
1325 2732 1460 2828 multis,
1489 2755 1583 2828 quos
1604 2733 1740 2833 vulgus

106 2837 398 2944 praeslantiffnnos
409 2834 556 2936 judicat,
571 2835 644 2908 hoc
657 2836 855 2948 contingit:
881 2835 1051 2931 litamen,
1067 2835 1132 2931 qui
1152 2855 1251 2907 verae
1270 2831 1487 2927 eloquentiae
1507 2830 1664 2905 rationes
1689 2830 1739 2906 se·

93 2963 268 3042 rquuntnr,
284 2963 362 3014 non
379 2932 618 3012 destituuntur
631 2930 801 3034 singular:
815 2953 938 3007 rernm
952 2930 1216 3034 intelligentia>
1242 2932 1337 3024 Non
1357 2929 1455 3002 eninr
1480 2928 1683 3024 eloquentis
1698 2930 1741 3004 ri·

108 3042 212 3115 naum
230 3035 440 3132 merebitur,
480 3034 543 3131 qui
561 3031 807 3134 intelligentia:
829 3029 900 3106 snoe
928 3028 1148 3105 documenta
1172 3031 1279 3105 aiam
1300 3031 1339 3104 in
1360 3024 1436 3142 ipsa
1456 3024 1637 3102 Oratione
1660 3050 1741 3102 non

109 3138 278 3233 oslendnt3
302 3157 424 3232 neque
440 3131 519 3205 haec
533 3127 672 3231 sejungi
689 3128 859 3232 posl'nnn
893 3125 942 3204 Er
958 3127 1038 3204 sane
1054 3129 1116 3228 illi,
1131 3150 1226 3227 quos
1247 3129 1403 3225 anuqurs
1426 3119 1630 3223 nostrisqiae
1651 3147 1741 3202 tem·

107 3239 246 3339 poribus
261 3234 468 3332 eloquentia
482 3254 561 3331 prar
574 3231 701 3304 ceteris
717 3227 915 3326 excelluisse
929 3225 1100 3326 vidimnS,
1119 3231 1243 3304 incom
1272 3225 1395 3301 arabili
1409 3223 1592 3300 intellectu
1607 3224 1741 3326 pradi-

106 3343 130 3414 ri
143 3337 295 3433 bierunt,
311 3334 460 3432 ejusque
474 3326 623 3406 multas
642 3327 992 3404 e'ciminadederunt.
1042 3329 1114 3402 Vel
1130 3351 1223 3402 nnus
1236 3253 1369 3401 gicero
1391 3321 1686 3408 absolutissimum
1700 3327 1740 3399 in
1811 3373 1813 3378 -

105 3437 169 3513 hoc
182 3458 318 3539 genere
333 3429 543 3532 exemplum
564 3351 679 3502 dabit:
705 3451 789 3502 nam
806 3425 832 3499 fi
847 3425 1019 3504 'udicinm
1041 3423 1140 3500 eade
1155 3449 1195 3500 re
1217 3419 1411 3500 ferendum
1426 3419 1487 3522 est,
1528 3447 1609 3518 non
1629 3431 1659 3504 ai
1682 3455 1739 3504 ao·
1793 3471 1800 3478 -

106 3541 228 3636 χὸντες,
243 3531 305 3609 sed
320 3525 597 3632 praestantislnni
609 3528 648 3600 in
673 3521 746 3603 istis
770 3451 946 3602 dosbinis
970 3522 1203 3624 producendi
1222 3523 1311 3599 sunt.
1372 3521 1444 3598 *Id
1470 3544 1591 3600 tamen
1610 3527 1738 3628 negari
1754 3520 1801 3607 38

106 3661 174 3711 non
187 3633 306 3729 debet,
326 3651 482 3731 magnos
499 3624 661 3700 accidere
675 3627 830 3729 ingeniis
845 3623 894 3697 ob
907 3621 1101 3735 phantnfiae
1118 3621 1393 3699 exorbitantium
1406 3619 1550 3718 abnstrs3
1575 3648 1658 3722 qnae
1673 3623 1738 3700 nili

104 3733 217 3830 judicii
230 3731 338 3808 freno
355 3737 573 3824 coerceatur,
588 3727 626 3799 in
646 3749 775 3800 omnes
788 3723 822 3796 se
836 3720 1035 3821 disciplinas
1045 3719 1224 3797 diffundit:
1275 3721 1439 3797 Trablari
1452 3743 1573 3798 tamen
1587 3723 1667 3800 haec
1683 3728 1739 3800 in-

131 3837 204 3908 enia
217 3833 301 3907 itaa
317 3822 783 3930 pnrdentioribns'debent,
797 3843 849 3917 ut,
867 3823 1018 3895 remotis
1035 3819 1210 3918 inanibus,
1227 3820 1283 3892 illa
1296 3845 1379 3916 quae
1396 3819 1511 3898 solida
1527 3819 1620 3919 sunt,
1642 3826 1678 3896 in
1700 3823 1740 3896 il·
1880 3893 1883 3900 ,

105 3855 142 4007 bs
179 3931 423 4028 exquirantur.
498 3929 520 3974 'l
546 3921 765 4020 Plerumque
806 3922 904 3993 enim
942 3919 1087 4020 ingenia
1123 3916 1307 4016 phantasia
1343 3919 1513 3996 uberiore
1553 3923 1740 4020 peccantia
1754 3939 1801 4010 39

104 4031 227 4128 aliquid
248 4027 432 4128 sapientia
455 4017 679 4118 recondunt,
703 4045 786 4118 qnae
810 4020 847 4093 in
871 4013 974 4092 nsum
995 4015 1123 4091 cedere
1145 4015 1332 4118 publicum
1357 4016 1483 4117 possit:
1509 4020 1625 4115 qualia
1645 4017 1739 4118 sunt,

105 4151 180 4224 quae
217 4125 264 4202 ad
304 4124 555 4199 inventionem
595 4121 775 4194 variarum
810 4137 934 4191 rernm
974 4133 1111 4190 naturae
1148 4113 1309 4211 quodam
1351 4114 1517 4190 inslinsiu
1562 4115 1739 4194 fertrnnar.
1809 4199 1812 4206 ,

104 4228 255 4332 *Qae,
281 4220 345 4298 etsi
369 4224 407 4296 in
431 4218 690 4321 speculationes
714 4219 836 4294 inanes
865 4214 960 4314 saepe
985 4211 1236 4314 abripiuntur,
1271 4214 1309 4312 ὅ(
1334 4217 1483 4317 φορτικοὶ
1519 4212 1585 4296 esse
1609 4215 1737 4316 solent,
1751 4241 1802 4318 40

103 4347 214 4422 atque·
235 4345 277 4398 nt
308 4321 441 4396 Hnarti
472 4317 589 4393 verbo
613 4312 681 4391 hac
716 4319 754 4392 in
786 4341 827 4392 re
852 4334 935 4388 utar·
988 4333 1006 4380 c
1063 4310 1172 4411 masta:
1209 4311 1474 4415 indulgendum
1511 4335 1632 4390 tamen
1669 4316 1737 4394 illia

103 4425 329 4530 paulnlnma
359 4414 660 4520 pmdentioribua
685 4415 753 4518 est,
784 4439 832 4498 ne
863 4334 1074 4526 fruibnsslb
1106 4435 1306 4512 caraunus,
1338 4415 1403 4512 qni
1427 4411 1487 4492 vel
1519 4437 1539 4492 e
1571 4415 1737 4588 vpllaticia

1628 4535 1737 4598 orum
