3932 5212
542 261 558 286 s
633 213 787 334 'Cap.ll.
836 211 896 288 De
916 209 1044 291 Follis
1062 212 1209 293 Grecis.
1391 317 1395 332 Ι
1637 253 1651 264 -
1687 240 1783 316 1037

12 459 26 482 ,
122 389 262 468 tatione
277 373 383 464 Geor
412 379 1025 484 .Ratalleri,Antwerpiae.1550.in
1043 397 1074 470 8.
1111 373 1780 476 Gtaece'cumLatinaVe'rfioneWin·

121 491 235 586 senii,
248 407 508 588 Heidelfiergoe
520 484 618 584 apud
631 480 887 562 Commelinos
908 505 946 578 ¹5
952 509 1011 578 97.
1026 485 1064 558 in
1081 497 1112 570 8.
1128 482 1377 582 Plutoueten,
1393 482 1588 584 Sophoclis
1610 483 1778 581 fabulam,

120 588 310 689 separatim
326 587 457 660 Latino
465 586 635 680 carmine,
651 581 855 660 dramatum
871 581 1006 684 stylum
1018 584 1172 682 imitato,
1189 581 1365 660 scitissime
1382 605 1425 657 ex
1457 581 1594 681 tellam,
1608 609 1678 658 una
1692 608 1777 658 cum

45 720 51 726 ·
121 689 262 764 Graeco
277 707 391 781 textu,
409 683 447 758 dt
462 684 560 760 notis
575 681 654 778 suis,
664 679 808 756 Parisiis*
824 689 923 776 1556.
939 687 975 758 in
989 709 1022 780 4.
1036 682 1150 759 edidit
1163 683 1423 786 QSeprimius
1466 682 1593 772 lorens
1609 681 1777 758 Christia-

120 812 203 864 nus.
257 785 406 882 Ajacem
420 783 594 858 lotarium
608 779 713 856 simili
734 780 906 857 Carmine
921 784 1052 858 Latino
1069 782 1229 860 reddidit
1247 775 1317 877 los
1327 783 1495 886 Scaliger.
1535 782 1655 860 Andr.
1664 779 1777 858 Dare·

122 890 202 962 rius
218 883 412 983 Oedipum
426 880 642 958 Coloneum
659 880 697 957 dt
720 879 948 980 Philodeten
963 880 1221 984 elegantissime
1242 888 1280 961 in
1299 883 1480 958 Gallicum
1508 881 1646 957 idioma
1667 903 1777 958 trans·

121 986 231 1083 fudit,
248 986 419 1082 notisque
437 979 633 1078 illustravit,
665 1005 748 1078 quae
767 1003 887 1054 ramen
902 981 940 1056 ὃ(
957 982 1041 1080 ipsae
1060 1005 1230 1085 magnam
1251 1003 1391 1083 partem
1415 1002 1434 1058 e
1460 982 1602 1075 Graecis
1622 979 1777 1056 Scholiis

121 1107 217 1161 natae
234 1084 325 1158 sunt.
374 1081 642 1176 prolegomena
660 1082 698 1156 iu
712 1103 843 1155 omnes
860 1080 1060 1182 Sophoclis
1071 1081 1305 1180 T'raotedias,
1332 1107 1403 1158 una
1423 1107 1508 1158 cum
1525 1083 1610 1158 Vita
1630 1079 1777 1180 Sopho·

112 1185 198 1282 elis,
214 1184 363 1280 ejusque
379 1205 462 1254 cum
483 1177 659 1280 Euripide
674 1180 883 1257 collatione:
909 1204 975 1255 nec
990 1203 1067 1256 non
1082 1147 1337 1258 Dissertatione
1352 1181 1398 1256 de
1411 1180 1610 1286 Tragoedia
1624 1183 1775 1278 ejusque

121 1285 291 1384 origine:
318 1281 355 1356 dt
370 1281 554 1365 nonnullis
569 1277 810 1356 Orationibus
824 1277 907 1378 suis,-
924 1281 962 1356 in
976 1281 1095 1356 lucem
1120 1279 1237 1358 emisit
1260 1281 1291 1356 F
1292 1305 1387 1358 rane.
1407 1281 1554 1381 Porms,
1579 1277 1776 1377 Cretenlis,

121 1383 282 1480 AEmylii
298 1403 412 1482 pater,
434 1381 595 1482 Morgiis
615 1393 718 1474 1584.
736 1379 774 1454 in
788 1405 822 1474 4.
922 1391 925 1400 “
1189 1472 1193 1477 ,

225 1480 376 1556 Tertius
390 1480 642 1581 Tragicorum
667 1475 944 1577 EURIPIDES,
969 1499 1073 1556 aetate
1083 1480 1272 1580 minimus,
1285 1503 1363 1556 non
1377 1478 1556 1581 sapientia,
1571 1501 1691 1577 neque
1700 1501 1775 1556 arte
1794 1496 1820 1570 7
1842 1525 1843 1534 κ

121 1580 188 1660 est.
238 1577 313 1654 Etsi
329 1585 425 1654 enirn
442 1602 595 1680 gravem
609 1579 711 1653 illum
726 1577 949 1654 cothurnum
962 1579 1169 1680 Sophoclis,
1187 1583 1251 1679 qui
1265 1605 1360 1681 pene
1371 1583 1407 1656 in
1420 1580 1664 1682 proverbium
1679 1579 1778 1678 abiit,

122 1686 161 1759 in
178 1681 246 1756 suis
259 1678 386 1756 sabulis
403 1703 479 1753 non
493 1676 663 1778 ostendit,
680 1677 796 1753 nihilo
816 1681 937 1756 minus
954 1701 1075 1755 tamen
1093 1682 1236 1756 animos
1252 1702 1435 1781 penetrat,
1460 1679 1517 1777 dt,
1545 1679 1775 1782 Qtintiliauo

119 1779 256 1884 judice,
277 1777 327 1851 ab.
338 1787 371 1853 ll.
387 1779 453 1874 lest.
469 1806 522 1851 nt.
537 1795 621 1854 cunt
638 1779 754 1880 magis
770 1782 934 1853 oratorio
949 1781 1077 1881 generi
1089 1777 1244 1878 accedat,
1254 1779 1435 1856 sententiis
1456 1778 1597 1877 densus,
1613 1779 1651 1856 dt
1671 1780 1778 1876 iniis,

123 1905 237 1982 quaea
249 1877 475 1979 Sapientibus
491 1875 716 1973 traditasunt,
735 1900 830 1976 pene
840 1876 926 1978 ipsis
945 1875 1778 1994 par,indicendoacrespondendocuilibeteo·

1 2041 2 2078 Τ
122 2006 222 2078 rum,
238 1982 302 2078 qui
319 1977 466 2052 fuerunt
480 1979 517 2050 in
533 1976 619 2050 foro
636 1974 769 2072 diserti,
794 1977 1060 2082 comparandus
1082 1973 1149 2050 eil:
1183 1980 1220 2051 in
1241 1975 1429 2054 affedltbus
1444 1997 1536 2053 vero
1561 1981 1778 2057 cumomni·

121 2084 193 2158 bus
207 2081 333 2174 mirus,
353 2099 432 2152 rum
452 2077 506 2171 iis,
523 2077 585 2172 qui
600 2074 825 2150 miseratione
843 2075 1017 2175 constant,
1032 2075 1136 2152 facile
1151 2067 1368 2177 praecipuus.
1389 2077 1487 2158 Huic
1504 2077 1642 2178 judicio
1701 2080 1779 2153 uin·

22 2238 35 2262 a
122 2181 237 2260 tiliani
256 2177 449 2276 Longinus
470 2197 631 2273 quoque,
652 2172 881 2276 peritissimus
897 2177 1028 2252 harum
1045 2199 1169 2250 rerum
1189 2175 1342 2276 Censor,
1367 2177 1515 2276 aceedit,
1535 2177 1585 2250 ab.
1599 2180 1638 2250 de
1651 2183 1695 2249 Su
1713 2181 1782 2250 limi

1 2280 2 2350 3
61 2279 63 2288 '
123 2311 150 2354 c.
163 2303 200 2367 ¹5·
220 2299 302 2352 cum
320 2277 381 2372 air,
397 2274 613 2376 Euripidem
634 2295 757 2348 natura
776 2275 882 2376 plane
906 2301 984 2352 non
1008 2273 1053 2350 ad
1074 2275 1317 2378 granditatem
1344 2276 1499 2375 aliquam
1523 2299 1583 2372 aut
1601 2275 1779 2378 magnilo-

1 2444 4 2472 ,
122 2380 311 2478 quentiam
324 2373 471 2474 fastum,
485 2373 660 2474 improbo
676 2393 797 2448 tamen
813 2375 936 2450 lubote
950 2376 1015 2450 suo
1038 2399 1174 2450 naturae
1191 2376 1384 2475 aliquando
1408 2379 1522 2453 veluti
1541 2378 1619 2452 vim
1632 2375 1780 2472 inferre,
1819 2437 1821 2445 Α

1 2476 5 2557 s
107 2499 278 2575 'arteque
294 2478 331 2550 in
347 2473 598 2553 sublimitatem
611 2469 742 2570 efferri,
759 2477 1050 2571 quotiescunque
1066 2499 1162 2574 opus
1177 2469 1240 2550 lit:
1265 2479 1453 2579 praecipue
1469 2497 1590 2554 tamen
1606 2479 1644 2551 in
1660 2480 1779 2576 expri-

107 2575 268 2656 mendis
284 2573 469 2650 alseslibus
482 2573 603 2668 animi,
618 2568 677 2644 seu
691 2572 1024 2671 perturbationibus
1046 2571 1181 2648 suroris
1195 2598 1235 2650 ac
1249 2580 1386 2650 amoris
1397 2597 1479 2649 anre
1493 2599 1634 2669 ceteros
1650 2597 1781 2650 omnes

122 2679 277 2756 felicem.
304 2673 406 2750 Idem
423 2695 572 2770 quoque
588 2667 789 2770 Dionysius
801 2633 1097 2748 Halicarnallieus
1114 2671 1249 2748 censet:
1274 2673 1373 2749 idem
1390 2671 1465 2748 Dio
1475 2671 1699 2772 Prusaeenlis,
1714 2676 1779 2770 qui

124 2777 335 2878 sapientiam
349 2771 534 2884 Euripidis
550 2771 587 2847 ἃ
600 2767 811 2868 exquifiram
826 2771 922 2845 illam
941 2795 1078 2868 curam,
1092 2794 1137 2846 ne
1159 2769 1318 2875 negleeii
1333 2771 1423 2870 quid
1445 2772 1580 2874 uspiam
1598 2771 1779 2868 videatur,

124 2903 195 2959 nec
206 2878 294 2951 citra
306 2871 542 2978 persuasionis
556 2873 633 2945 vim
645 2866 802 2964 dieium3
825 2866 886 2946 sed
901 2869 992 2945 reeta
1005 2871 1189 2968 omnia&
1204 2897 1281 2948 non
1297 2874 1417 2948 minus
1434 2869 1635 2947 Oratorem
1651 2868 1781 2945 decen·

1 2992 3 3067 ζ
124 2985 185 3076 ria,
204 2978 273 3075 qul
284 2971 484 3078 persuadet,
498 2995 608 3068 quam
620 2967 899 3071 Philosophum,
914 2973 979 3068 qui
995 2973 1252 3072 maximopere⁸
1263 2969 1425 3076 prodest,
1440 2969 1647 3046 admiratur.
1694 2969 1779 3044 Nec
1900 3067 1905 3074 η

1 3161 3 3166 ,
124 3083 207 3160 sane
224 3082 319 3153 inter
336 3073 490 3149 minoris
507 3071 690 3146 momenti
702 3070 821 3172 elogia
838 3070 1096 3172 reponendum
1111 3069 1171 3170 est,
1189 3072 1292 3170 quod
1303 3071 1461 3148 Socratis
1475 3073 1610 3148 amicus
1625 3069 1781 3149 suerit&

1 3231 3 3236 ,
124 3179 307 3259 familiaris
323 3171 537 3275 Euripides:
560 3172 597 3246 δι
615 3170 717 3268 quod
733 3169 809 3286 ejus
824 3194 997 3270 mortem,
1014 3195 1098 3247 cum
1112 3172 1213 3247 aliter
1228 3195 1305 3247 non
1320 3170 1459 3273 posset,
1481 3193 1533 3246 tra
1563 3171 1656 3246 oedia
1681 3172 1778 3246 ulnas

1 3293 2 3300 ’
125 3279 188 3378 est,
206 3298 449 3380 magnamque
468 3269 630 3348 hostibus
644 3269 800 3347 Socratis
818 3270 991 3346 invidiam
1010 3268 1171 3368 undique
1189 3269 1372 3346 conflavit.
1397 3271 1515 3370 Super
1530 3294 1597 3347 unt
1616 3271 1782 3370 Tragadr'a

1 3371 2 3404 ³
124 3383 219 3458 illius
235 3380 310 3453 iure
339 3367 491 3490 ralllll.
508 3372 552 3448 ab
570 3369 671 3448 Aldo
692 3371 861 3446 Manutio
875 3373 1038 3472 primum
1053 3369 1218 3484 Veneriis
1232 3369 1277 3444 Α.
1294 3389 1388 3543 ιςοῗ.
1399 3368 1568 3444 excusare
1580 3369 1665 3444 dein
1688 3365 1780 3464 Basr-

124 3485 190 3560 leae
206 3475 310 3578 apud
358 3497 547 3576 ervagtum
565 3473 611 3549 A.
638 3495 673 3554 ις
683 3493 739 3566 37.
753 3473 791 3546 ln
808 3485 839 3557 8.
855 3469 1000 3545 recusae:
1025 3493 1116 3544 mox
1131 3492 1264 3556 etiamr
1282 3493 1348 3576 per
1363 3466 1648 3566 onatoquodam
1658 3465 1781 3542 Doro·

1 3581 2 3584 ’
124 3583 216 3660 t'heo
231 3575 387 3653 Camillo
395 3572 441 3648 ad
459 3571 613 3648 verbum
628 3571 753 3648 Latine
762 3569 927 3668 redditae,
940 3571 977 3646 dt
993 3573 1029 3646 in
1044 3571 1159 3644 lucem
1175 3569 1305 3644 emillae
1320 3568 1457 3644 ibidem
1476 3595 1578 3666 1541.
1594 3569 1631 3642 in
1643 3563 1781 3665 &apud

127 3681 224 3760 Rob.
241 3677 402 3762 Winter'.
431 3673 548 3749 Aliam
561 3669 778 3748 Versronem
791 3671 954 3746 Latinam
977 3669 1163 3770 Euripidis
1185 3667 1312 3744 struxit
1326 3667 1410 3746 Ges
1430 3727 1438 3743 .
1458 3669 1632 3748 Sriblinus'
1657 3689 1780 3764 quam,
1805 3731 1808 3738 .

126 3809 198 3860 una
215 3801 299 3855 cum
315 3776 391 3850 e'us
407 3772 680 3873 praefationibus
702 3769 739 3844 δι
766 3770 1072 3866 annotationibus,
1090 3769 1228 3844 Graeco
1251 3773 1368 3846 textui
1421 3772 1478 3844 uri
1506 3769 1574 3843 idis
1597 3727 1781 3866 adjunxit:

128 3901 209 3960 ¹tum
226 3877 265 3956 ἃ
282 3801 365 3970 Ιοὲ.
387 3869 535 3949 Brodaei
551 3894 653 3948 notas
672 3873 710 3944 in
730 3867 946 3972 Euripidem
968 3869 1108 3946 addidit
1114 3893 1125 3964 3
1151 3868 1463 3969 praefixitqueJae.
1526 3866 1625 3966 icylli
1645 3865 1691 3938 de
1708 3867 1783 3940 vita

126 3981 217 4062 Euri
250 3975 317 4052 idis
341 3973 445 4049 aede
465 3970 654 4074 tragoedia,
669 3969 818 4066 ejusque
840 3968 1013 4070 partibus,
1062 3969 1304 4072 rolegomena·
1320 3967 1403 4064 Joh.
1425 3963 1621 4070 Oporinos
1639 3961 1784 4040 Rasrleoe

116 4087 166 4160 in
183 4003 248 4156 fol).
271 4035 369 4174 1538.
393 4075 430 4148 dt
454 4085 553 4166 1562.
604 4069 906 4163 Falluntutvero‚
920 4071 984 4164 qui
1069 4069 1175 4169 ilippi
1195 4065 1492 4144 Melanchthonis
1512 4063 1783 4142 Verstonemin

130 4185 200 4260 hae
215 4175 390 4257 Etlitione
413 4168 577 4247 excusam
600 4171 709 4268 ajunt.
756 4169 960 4266 Nunquam
991 4171 1109 4266 enim,
1138 4189 1313 4264 quantum
1328 4166 1420 4267 scio,
1437 4169 1546 4243 verrit
1565 4156 1783 4266 Euripidem

133 4273 424 4358 Melanchthon:
468 4271 694 4371 &Sriblinus
718 4271 875 4362 certein
907 4265 1072 4368 Oporini
1100 4267 1303 4344 editionum
1329 4266 1543 4368 praefatione
1565 4266 1673 4342 nimis
1690 4263 1784 4340 clare
1879 4325 1886 4332 .

132 4381 289 4472 indicat,
315 4373 350 4449 se
371 4373 553 4448 Autorem
580 4392 689 4446 nouae
712 4389 790 4445 tum
811 4395 830 4444 a
853 4367 887 4443 se
908 4371 1133 4443 concinnatae
1163 4369 1470 4469 interpretationis
1493 4365 1570 4443 elle.
1635 4361 1794 4465 Βτοάωἰἱ
1901 4363 1904 4370 ’

132 4479 388 4578 annotationes
398 4474 472 4575 jam
491 4494 593 4550 antea
607 4493 758 4572 quoque
776 4466 882 4546 Paris
910 4492 922 4542 ι
918 4493 966 4644 ᾖ
979 4491 1006 4559 5·
1022 4469 1061 4544 in
1076 4470 1196 4546 lucem
1219 4467 1445 4570 prodierant.
1495 4467 1541 4544 ln
1556 4463 1696 4568 septem
1710 4465 1785 4568 pri·

309 4579 319 4590 ”
956 4592 1017 4672 PP
1042 4593 1138 4672 PPP
1192 4593 1210 4664 3
1525 4665 1527 4672 ,
1706 4583 1785 4644 Μ
