3932 5212
370 209 454 312 Cap.
475 211 505 290 1,.
527 209 583 310 De
604 189 852 311 scriptos-toni,
869 201 1055 285 alerenen
1072 207 1250 286 Poeticom
1258 196 1491 306 finientibus.
1661 231 1754 288 rota

99 381 371 484 quomodocunque
402 390 435 451 in
458 379 619 450 theaernm
639 380 791 463 invehere,
807 343 1137 474 'historicie'sehnlofia
1162 359 1291 450 Comici:
1331 385 1474 480 Tragieo,
1498 378 1639 482 ridicplis
1651 377 1749 476 first,

100 470 270 579 miscendo:
306 489 363 562 ito,
385 500 422 552 ne
443 481 560 550 nathum
576 479 662 577 socci
686 476 729 552 ss
754 480 901 548 cothurni
920 477 1084 575 descrimen
1120 481 1205 550 nahe
1228 481 1389 550 ietteroullo
1420 489 1566 580 ternport't
1587 505 1624 550 ac
1641 480 1749 580 persea*

99 591 147 654 nis
171 576 374 653 theatralibus
392 579 576 680 prescripta
605 581 687 676 leget
716 576 846 648 libertem
861 580 1035 672 frenarent
1067 584 1228 676 pirituat,·
1254 571 1344 648 'ditm
1371 591 1496 649 taritnm
1523 581 1663 680 placeret
1689 601 1748 689 po·
1863 608 1870 614 ·

94 683 180 782 prelo,
204 679 553 776 ahsiottumhnjmmodi
573 701 648 748 vero
673 675 804 774 Censori.
879 675 1058 774 Mirabar,
1083 674 1230 752 sirudis
1278 677 1354 752 lebs
1368 703 1392 752 0
1425 681 1533 752 timus
1547 676 1747 755 fabularum

99 803 207 876 atque
223 768 585 854 verus‘censer-est:
619 776 645 851 st
662 779 736 852 hoc
760 777 875 852 vietus
894 775 1018 850 Poetae
1043 773 1104 873 est,
1132 701 1479 878 aeglesias-legibus,
1508 779 1579 852 ima
1597 775 1746 855 sumntis

99 877 282 956 miscendo
300 874 468 954 aliensum
483 877 564 952 vilis
581 877 719 978 popelli
733 899 914 974 quaerere:
939 872 1110 949 sevitium
1131 899 1209 950 non
1231 875 1284 950 esi
1304 875 1395 950 socci
1408 877 1445 953 d:
1462 876 1645 972 cothurni,
1665 877 1686 950 i.
1716 902 1744 952 e.
1840 961 1843 970 ,

100 978 266 1054 Comicae
281 980 502 1080 tregicaeque
518 975 682 1076 aslionis5
697 975 892 1050 discrimen.
901 971 1056 1052 tollere?
1082 975 1177 1048 Non
1196 973 1275 1050 sane
1298 975 1420 1074 video,
1435 979 1500 1072 qui
1516 1001 1594 1051 non
1612 968 1746 1052 eodem
1770 1009 1772 1012 ·
1838 979 1845 986 '

94 1077 178 1178 jure
197 1075 307 1177 poffis
323 1079 516 1174 loquacem
529 1076 700 1173 tabulam,
724 1072 768 1150 ad
789 1099 910 1150 auram
929 1074 1046 1174 plebis
1069 1072 1280 1174 captandam
1306 1079 1410 1149 unice
1429 1074 1498 1152 suis
1521 1075 1610 1179 fucis
1633 1077 1748 1158 inten-

102 1199 193 1274 tum,
208 1176 246 1252 ὃ(
262 1173 380 1251 nescio
395 1175 747 1274 quibusverborum
767 1171 972 1250 sublimium
986 1175 1186 1269 lenociniis,
1210 1176 1247 1248 in
1275 1177 1373 1250 terrui
1395 1173 1610 1272 charasiere,
1629 1179 1749 1276 pueri·

63 1295 65 1300 ’
100 1277 184 1353 litet
196 1273 409 1372 lufitantem
428 1277 573 1376 optimo
593 1274 746 1352 Oratoti
761 1271 943 1373 preferre.
993 1273 1214 1376 Qanquam
1232 1275 1346 1354 nolim
1363 1273 1535 1375 profesio
1550 1277 1748 1372 quicquam
1824 1371 1828 1377 ¹

102 1374 355 1450 existimationi
383 1377 500 1478 Vegae
526 1375 734 1468 detrahere;
772 1397 841 1450 nec
862 1396 950 1448 eum
965 1395 1039 1448 mm
1065 1371 1270 1474 promiscue
1295 1374 1419 1450 omnia
1447 1371 1645 1450 confudisse
1668 1401 1749 1450 oen·

82 1474 181 1552 seo(
249 1477 356 1550 Nolo
388 1474 506 1550 solum
535 1475 732 1550 Veteribus
756 1495 856 1550 tanto
881 1471 1071 1573 supercilio
1089 1469 1273 1572 praeferri,
1346 1473 1485 1549 Interea
1508 1473 1637 1551 lubens
1658 1475 1762 1552 'illud'

104 1599 253 1673 quoque
268 1573 462 1672 confiteor,
479 1573 700 1676 &Hispanis
716 1572 887 1648 omnibus
903 1571 1025 1647 Poetis
1041 1571 1153 1673 longe
1165 1573 1351 1676 longeque
1373 1571 1570 1674 prestitisse
1588 1573 1748 1676 Vegam,

103 1677 141 1751 dr
157 1677 289 1750 exteris
303 1676 400 1750 haud
414 1676 596 1750 immerito
611 1674 840 1748 admirationi
855 1669 975 1746 fuisse:
991 1721 996 1732 ι
1035 1670 1289 1772 Qaptopter‚
1309 1696 1395 1748 cum
1415 1697 1512 1748 anno
1528 1681 1582 1748 :6
1586 1697 1603 1768 3
1614 1697 1641 1754 t.
1667 1674 1756 1756 bia,

102 1775 190 1850 driti
202 1775 475 1876 septuagenario
495 1775 614 1872 major
626 1770 829 1870 deceffiss'et,
844 1796 922 1848 non
942 1769 1058 1846 solum
1083 1775 1271 1846 communi
1285 1769 1534 1874 Hispanorum
1556 1771 1753 1848 Poeni-um

35 1941 40 1956 .
103 1874 202 1956 lusio
217 1875 426 1973 deploratus
445 1871 505 1968 est,
519 1893 680 1968 quorum
700 1871 841 1946 labores
857 1871 1030 1970 peculiari
1043 1868 1138 1944 libro
1156 1871 1334 1972 congessit
1351 1871 1436 1966 Joh.
1459 1872 1534 1948 Pet.
1547 1873 1750 1949 Montalba·

105 2000 187 2072 nus,
201 1974 240 2050 dt
261 1973 323 2048 sab
338 1972 444 2048 titulo
460 1973 556 2042 Fonte
571 1973 735 2068 Posthnme
756 1969 907 2050 Madriti
937 1977 1039 2058 1636.
1063 1970 1100 2042 in
1117 1994 1151 2059 4.
1175 1970 1306 2046 edidit:
1326 1971 1387 2046 sed
1414 1971 1453 2048 o<
1473 1973 1567 2047 italis
1593 1973 1668 2070 ejns
1695 1999 1758 2064 cas

105 2076 163 2152 sus
183 2072 332 2148 acerbus
347 2069 416 2147 suit
424 2098 434 2164 3
459 2071 623 2168 aquibus
639 2070 774 2146 eodem
799 2093 895 2144 anno
918 2067 1059 2144 emissem
1086 2070 1122 2143 in
1146 2069 1263 2144 lucem
1280 2071 1444 2147 Veneriis
1468 2072 1558 2147 liber
1581 2069 1648 2146 est:
1671 2072 1746 2172 Effe·
1771 2110 1774 2119 ·
1824 2146 1826 2158 ,

81 2184 177 2277 ‘quie
193 2171 438 2245 Postichoooero
450 2173 584 2242 stertente
604 2173 678 2242 tlesle
691 2171 782 2270 Mteſse
797 2171 927 2245 laesione
946 2179 978 2240 in
990 2189 1090 2240 inmte
1103 2171 1155 2240 des
1165 2173 1278 2268 Stgnor
1299 2175 1379 2272 Lupe
1398 2173 1437 2244 de
1453 2177 1536 2272 Vega
1554 2178 1649 2245 Porta
1673 2177 1748 2274 Spa·

18 2293 23 2302 ·
100 2277 205 2374 gneio.
255 2265 518 2346 lmootGallts
542 2272 618 2369 ejus
642 2269 771 2344 Paelin
797 2267 1041 2368 perplacuisse‚
1063 2269 1197 2368 partim
1219 2269 1560 2372 Bohutfiusjesuita
1584 2275 1621 2346 in
1641 2271 1750 2370 libro,-
1863 2351 1865 2358 ,

103 2395 221 2468 quem
235 2393 342 2446 vocat
355 2375 385 2444 so
396 2375 542 2442 ¹Menn'ere
560 2374 598 2442 de
617 2369 683 2441 bien
696 2369 802 2468 praeſsa
810 2369 871 2466 sur
884 2375 928 2440 les
941 2395 1092 2466 ouvrages
1108 2371 1147 2440 de
1166 2365 1187 2444 l’
1202 2371 1316 2472 Esprl'b
1329 2369 1454 2472 paffim
1462 2399 1473 2466 3
1499 2373 1632 2472 partim
1646 2371 1750 2447 Ano·

106 2495 242 2570 aymus
259 2472 383 2546 Autor
401 2469 536 2556 Gallus,
552 2471 616 2566 qui
632 2468 694 2542 sub
708 2466 797 2542 Belli
817 2491 924 2562 arque
943 2465 1041 2540 Pacis
1054 2469 1148 2542 inter
1161 2469 1314 2546 Veteres
1328 2496 1367 2546 ac
1381 2471 1628 2570 Recentiores,
1646 2468 1773 2572 histO'.
1823 2521 1826 2528 -

106 2574 177 2648 rica
195 2571 311 2646 fabula
324 2567 522 2668 descripta,
540 2567 729 2666 schemate,
748 2563 1043 2671 elegantissimam
1064 2586 1309 2666 utrorumque
1327 2573 1640 2672 comparationem
1661 2569 1756 2648 insti·

107 2673 187 2773 tuit,
201 2669 401 2771 locupletes
422 2665 527 2752 telles
540 2665 632 2746 sunt.

208 2868 291 2966 Sed,
313 2893 354 2945 ut
372 2868 417 2944 ad
434 2865 668 2944 Comoediam
692 2892 732 2942 ac
757 2864 996 2968 Tragoediam
1014 2862 1204 2940 redeamus
1217 2888 1237 2940 a
1250 2857 1374 2965 Lupo,
1389 2867 1453 2964 qui
1472 2893 1540 2944 nos
1556 2869 1666 2968 paulo
1682 2865 1757 2943 diu·
1772 2895 1796 2968 9

109 2971 181 3046 tius
197 2967 368 3045 detinuit:
394 2970 486 3042 illius
505 2958 683 3044 talionem
699 2991 863 3064 omnem,
881 2965 1106 3067 legesque&
1126 2963 1279 3066 regulas,
1298 2989 1432 3066 praeter
1446 2965 1537 3044 Dan.
1553 2965 1756 3068 Heinstum,
1795 2977 1803 3010 ³

109 3093 223 3166 quem
242 3065 589 3170 supradiximus&
609 3068 705 3164 liubi
721 3089 862 3166 ,nacum
891 3066 927 3138 in
958 3067 1058 3140 timis
1072 3089 1216 3144 ,maeno
1237 3063 1356 3140 studio
1368 3090 1567 3168 exponere
1592 3091 1700 3166 atque
1720 3069 1759 3143 il-

110 3168 259 3245 lustrate
276 3167 459 3272 aggresus
487 3159 705 3243 estPETR'
755 3125 930 3242 seba
986 3129 1166 3262 aolus,
1190 3166 1325 3265 primas
1345 3169 1441 3242 inter
1462 3167 1653 3244 Gallorum
1668 3167 1801 3302 Dra-i

90 3271 265 3346 “maticos
284 3270 451 3344 omnium
484 3263 654 3344 consensu
678 3289 814 3344 tenens.
889 3265 924 3341 Is
942 3266 981 3340 de
1003 3265 1293 3362 DramatieaPotfi
1309 3265 1443 3342 librum
1467 3267 1694 3370 composuit:
1719 3273 1758 3346 itt

108 3395 190 3468 quo
215 3394 294 3446 non
313 3367 428 3444 sobam
443 3369 625 3444 Veterum
680 3387 835 3468 recepta
856 3363 926 3441 fibi·
942 3361 1196 3462 enumeranda,
1217 3365 1405 3440 autetiam
1426 3367 1636 3467 explicanda
1658 3393 1759 3468 puta·

111 3477 178 3546 uit.
268 3468 339 3544 Sed
369 3471 510 3542 invenit
538 3467 673 3568 &ipe
698 3468 832 3566 aliqua,
858 3465 1018 3562 abiitque
1038 3462 1187 3540 subinde
1214 3461 1260 3538 ab
1284 3461 1479 3540 Aristotele
1503 3467 1541 3539 in
1562 3465 1756 3558 diversum:

113 3572 211 3646 Non
238 3590 371 3664 mmen,
395 3563 634 3648 eracerium
659 3565 783 3642 audite
802 3565 970 3662 velimus,
994 3587 1040 3638 eo
1066 3560 1220 3638 siiccelsu
1244 3559 1282 3636 id
1304 3561 1390 3640 fecit
1410 3563 1618 3664 Cornelius,
1647 3591 1758 3664 quem

114 3667 258 3746 fortasse
279 3666 343 3742 stbi
357 3663 542 3759 promisit3
577 3665 647 3740 nec
667 3688 804 3768 natutae
830 3665 1011 3760 ordinem,
1027 3659 1089 3738 sed
1114 3657 1217 3738 suum
1237 3659 1381 3740 :sectitus
1401 3667 1550 3768 genium
1573 3663 1761 3744 dissensere

114 3771 295 3859 Veterum
320 3768 533 3874 preceptis5
567 3761 695 3866 saepius
713 3787 847 3866 praetet
861 3788 940 3839 rem
955 3784 1105 3864 tantum,
1129 3784 1182 3860 ut,
1207 3763 1316 3838 novis
1332 3763 1402 3862 bis,
1423 3789 1513 3862 quas
1534 3761 1598 3839 sibi
1624 3765 1763 3844 forma.

115 3870 190 3968 bat,
213 3868 360 3970 tegulis,
384 3863 452 3940 suis
466 3863 563 3938 sorte
580 3865 765 3940 erroribus
778 3864 997 3942 subveniret.
1098 3863 1168 3936 Wd.
1194 3867 1333 3936 Docerii·
1365 3865 1485 3959 reforio
1505 3865 1762 3962 oneraren-

115 3979 195 4055 n'ee,
219 3967 292 4066 ase
313 3964 414 4069 unfit,
436 3961 592 4066 premiffa,
616 3961 659 4040 δ’
680 3985 771 4052 note,
800 3962 983 4064 inquibus
998 3961 1048 4062 id,
1074 3959 1177 4060 quod
1193 3963 1232 4036 in
1248 3884 1467 4135 praehtione
1488 3985 1689 4068 notaverat,
1710 3975 1764 4042 at‘·
1856 3962 1860 3970 ’

145 4069 303 4152 umentis
319 4067 425 4140 variis
441 4063 695 4165 probatorque
710 4062 865 4142 illustret.
964 4059 1022 4138 De
1044 4061 1226 4137 Poematis
1283 4063 1413 4137 ornelii
1438 4062 1545 4162 hujus
1570 4065 1680 4166 paulo
1709 4067 1762 4141 in·
1869 4143 1870 4148 Ν

115 4094 230 4246 serien
254 4167 394 4242 mentio
417 4183 587 4238 recurret.
659 4163 718 4240 Ex
738 4165 846 4263 italis,
872 4164 937 4262 qui
956 4161 1062 4264 plane
1081 4157 1225 4236 mirifici
1245 4160 1330 4235 alios
1349 4159 1430 4238 sunt
1451 4161 1625 4252 ludorum
1644 4165 1764 4241 Sceni-

118 4291 251 4344 cotum
265 4263 437 4366 magistri,
457 4283 498 4338 ut
520 4285 566 4338 ex
588 4261 662 4364 ipsa
682 4263 897 4340 Dramatum
919 4265 1038 4362 copia,
1065 4260 1102 4336 dr
1124 4259 1184 4334 vel
1207 4283 1252 4334 ex
1278 4281 1425 4336 centum
1447 4264 1539 4338 locis
1564 4261 1764 4368 Erythraei,

121 4363 271 4460 constan
295 4364 340 4440 C.
364 4362 431 4456 JU
439 4363 479 4436 L.
502 4359 814 4443 CAMILLUS
837 4363 942 4438 ideam
973 4361 1103 4436 Thenete·
1121 4357 1245 4466 lingua
1270 4363 1458 4440 vernaculo
1481 4361 1658 4465 vulgavit,
1680 4363 1764 4442 Flo·

85 4487 87 4494 '
122 4466 249 4550 tentia
268 4467 354 4562 1114.
369 4463 415 4540 Α.
437 4484 542 4563 1550.
559 4460 710 4540 editam:
736 4461 927 4644 sedlgpalis
941 4459 996 4534 illa
1014 4457 1145 4560 nescio,
1160 4483 1244 4536 cum
1259 4463 1533 4564 nontadenm:
1558 4487 1636 4546 non
1650 4466 1769 4570 magis

333 4573 336 4585 '
853 4581 1143 4644 mmmmma
1726 4587 1769 4645 m

591 4713 608 4754 0

1709 4843 1717 4876 i
