<?xml version="1.0" encoding="UTF-8"?>
<!DOCTYPE html PUBLIC "-//W3C//DTD XHTML 1.0 Transitional//EN"
    "http://www.w3.org/TR/xhtml1/DTD/xhtml1-transitional.dtd">
<html xmlns="http://www.w3.org/1999/xhtml" xml:lang="en" lang="en">
 <head>
  <title>
</title>
<meta http-equiv="Content-Type" content="text/html;charset=utf-8" />
  <meta name='ocr-system' content='tesseract 3.04.00' />
  <meta name='ocr-capabilities' content='ocr_page ocr_carea ocr_par ocr_line ocrx_word'/>
</head>
<body>
  <div class='ocr_page' id='page_1' title='image "./polyhistorliter00fabrgoog/polyhistorliter00fabrgoog_0566.png"; bbox 0 0 3950 5236; ppageno 0'>
   <div class='ocr_carea' id='block_1_1' title="bbox 112 187 144 246">
    <p class='ocr_par' dir='ltr' id='par_1_1' title="bbox 112 187 144 246">
     <span class='ocr_line' id='line_1_1' title="bbox 112 187 144 246; baseline 0 0"><span class='ocrx_word' id='word_1_1' title='bbox 112 187 144 246; x_wconf 76' lang='lat' dir='ltr'><em>l</em></span> 
     </span>
    </p>
   </div>
   <div class='ocr_carea' id='block_1_2' title="bbox 89 211 1746 550">
    <p class='ocr_par' dir='ltr' id='par_1_2' title="bbox 89 211 1746 550">
     <span class='ocr_line' id='line_1_2' title="bbox 299 211 1745 379; baseline 0.005 -46"><span class='ocrx_word' id='word_1_2' title='bbox 299 368 305 379; x_wconf 24' lang='grc'>1</span> <span class='ocrx_word' id='word_1_3' title='bbox 418 341 421 348; x_wconf 43' lang='grc'><strong>,</strong></span> <span class='ocrx_word' id='word_1_4' title='bbox 573 255 697 362; x_wconf 46' lang='grc' dir='ltr'>Ὀαρ.</span> <span class='ocrx_word' id='word_1_5' title='bbox 711 255 794 342; x_wconf 82' lang='lat' dir='ltr'>XV.</span> <span class='ocrx_word' id='word_1_6' title='bbox 819 253 1224 368; x_wconf 55' lang='lat' dir='ltr'>&amp;augmentaturum</span> <span class='ocrx_word' id='word_1_7' title='bbox 1474 211 1479 218; x_wconf 26' lang='grc' dir='ltr'>Ι</span> <span class='ocrx_word' id='word_1_8' title='bbox 1675 284 1745 364; x_wconf 75' lang='lat'>502</span> 
     </span>
     <span class='ocr_line' id='line_1_3' title="bbox 89 404 1746 550; baseline 0.001 -42"><span class='ocrx_word' id='word_1_9' title='bbox 89 433 173 508; x_wconf 78' lang='lat' dir='ltr'>&#39;rere</span> <span class='ocrx_word' id='word_1_10' title='bbox 191 427 372 529; x_wconf 78' lang='lat' dir='ltr'>soiicidau,</span> <span class='ocrx_word' id='word_1_11' title='bbox 389 426 523 528; x_wconf 86' lang='lat' dir='ltr'>quibua</span> <span class='ocrx_word' id='word_1_12' title='bbox 537 427 669 510; x_wconf 84' lang='lat' dir='ltr'>savore</span> <span class='ocrx_word' id='word_1_13' title='bbox 680 449 748 508; x_wconf 89' lang='lat' dir='ltr'>tuo</span> <span class='ocrx_word' id='word_1_14' title='bbox 763 429 922 550; x_wconf 83' lang='lat' dir='ltr'>dignum</span> <span class='ocrx_word' id='word_1_15' title='bbox 937 429 1006 510; x_wconf 84' lang='lat' dir='ltr'>effe</span> <span class='ocrx_word' id='word_1_16' title='bbox 1022 427 1221 510; x_wconf 82' lang='lat' dir='ltr'>ostendam.</span> <span class='ocrx_word' id='word_1_17' title='bbox 1290 427 1451 534; x_wconf 86' lang='lat' dir='ltr'>Plenam,</span> <span class='ocrx_word' id='word_1_18' title='bbox 1465 404 1507 510; x_wconf 87' lang='lat' dir='ltr'>ut</span> <span class='ocrx_word' id='word_1_19' title='bbox 1524 429 1632 536; x_wconf 84' lang='lat' dir='ltr'>puto,</span> <span class='ocrx_word' id='word_1_20' title='bbox 1644 429 1746 549; x_wconf 81' lang='lat' dir='ltr'>apud</span> 
     </span>
    </p>
   </div>
   <div class='ocr_carea' id='block_1_3' title="bbox 8 512 1891 1831">
    <p class='ocr_par' dir='ltr' id='par_1_3' title="bbox 82 512 1891 1738">
     <span class='ocr_line' id='line_1_4' title="bbox 87 512 1843 638; baseline 0.002 -30"><span class='ocrx_word' id='word_1_21' title='bbox 87 551 124 608; x_wconf 90' lang='lat' dir='ltr'>re</span> <span class='ocrx_word' id='word_1_22' title='bbox 140 529 340 608; x_wconf 89' lang='lat' dir='ltr'>merebitur</span> <span class='ocrx_word' id='word_1_23' title='bbox 357 528 472 606; x_wconf 87' lang='lat' dir='ltr'>fidem</span> <span class='ocrx_word' id='word_1_24' title='bbox 484 512 609 608; x_wconf 63' lang='lat' dir='ltr'>nostra¹</span> <span class='ocrx_word' id='word_1_25' title='bbox 624 530 672 608; x_wconf 85' lang='lat' dir='ltr'>de</span> <span class='ocrx_word' id='word_1_26' title='bbox 686 533 750 609; x_wconf 88' lang='lat' dir='ltr'>ilio</span> <span class='ocrx_word' id='word_1_27' title='bbox 765 530 928 610; x_wconf 53' lang='lat' dir='ltr'>homtne*</span> <span class='ocrx_word' id='word_1_28' title='bbox 946 557 1025 610; x_wconf 92' lang='lat' dir='ltr'>non</span> <span class='ocrx_word' id='word_1_29' title='bbox 1042 535 1186 638; x_wconf 86' lang='lat' dir='ltr'>opinio,</span> <span class='ocrx_word' id='word_1_30' title='bbox 1202 531 1265 610; x_wconf 89' lang='lat' dir='ltr'>sed</span> <span class='ocrx_word' id='word_1_31' title='bbox 1276 529 1512 612; x_wconf 76' lang='lat' dir='ltr'>existimatior</span> <span class='ocrx_word' id='word_1_32' title='bbox 1538 531 1747 612; x_wconf 82' lang='lat' dir='ltr'>cuiaccedtt</span> <span class='ocrx_word' id='word_1_33' title='bbox 1842 559 1843 564; x_wconf 62' lang='lat'>‘</span> 
     </span>
     <span class='ocr_line' id='line_1_5' title="bbox 82 593 1745 752; baseline 0.002 -46"><span class='ocrx_word' id='word_1_34' title='bbox 82 627 259 733; x_wconf 85' lang='lat' dir='ltr'>irnpofita</span> <span class='ocrx_word' id='word_1_35' title='bbox 272 630 366 708; x_wconf 85' lang='lat' dir='ltr'>mihi</span> <span class='ocrx_word' id='word_1_36' title='bbox 379 629 548 729; x_wconf 83' lang='lat' dir='ltr'>quaedam</span> <span class='ocrx_word' id='word_1_37' title='bbox 561 629 755 733; x_wconf 85' lang='lat' dir='ltr'>neceffitas,</span> <span class='ocrx_word' id='word_1_38' title='bbox 771 653 813 708; x_wconf 89' lang='lat' dir='ltr'>ut</span> <span class='ocrx_word' id='word_1_39' title='bbox 834 631 902 734; x_wconf 89' lang='lat' dir='ltr'>ipsr</span> <span class='ocrx_word' id='word_1_40' title='bbox 920 593 1016 710; x_wconf 77' lang='lat' dir='ltr'>bene</span> <span class='ocrx_word' id='word_1_41' title='bbox 1036 655 1172 752; x_wconf 87' lang='lat' dir='ltr'>cupere</span> <span class='ocrx_word' id='word_1_42' title='bbox 1188 633 1358 734; x_wconf 79' lang='lat' dir='ltr'>debeam,</span> <span class='ocrx_word' id='word_1_43' title='bbox 1382 629 1491 712; x_wconf 84' lang='lat' dir='ltr'>&amp;res</span> <span class='ocrx_word' id='word_1_44' title='bbox 1513 634 1607 735; x_wconf 85' lang='lat' dir='ltr'>ejus,</span> <span class='ocrx_word' id='word_1_45' title='bbox 1621 632 1745 733; x_wconf 88' lang='lat' dir='ltr'>quoad</span> 
     </span>
     <span class='ocr_line' id='line_1_6' title="bbox 85 727 1746 837; baseline 0.001 -29"><span class='ocrx_word' id='word_1_46' title='bbox 85 727 169 808; x_wconf 80' lang='lat' dir='ltr'>fieri</span> <span class='ocrx_word' id='word_1_47' title='bbox 181 727 313 834; x_wconf 86' lang='lat' dir='ltr'>potest,</span> <span class='ocrx_word' id='word_1_48' title='bbox 333 755 475 830; x_wconf 89' lang='lat' dir='ltr'>ornare,</span> <span class='ocrx_word' id='word_1_49' title='bbox 489 755 530 806; x_wconf 91' lang='lat' dir='ltr'>ac</span> <span class='ocrx_word' id='word_1_50' title='bbox 542 729 691 810; x_wconf 88' lang='lat' dir='ltr'>salutem</span> <span class='ocrx_word' id='word_1_51' title='bbox 706 733 781 832; x_wconf 86' lang='lat' dir='ltr'>ejus</span> <span class='ocrx_word' id='word_1_52' title='bbox 798 735 900 808; x_wconf 89' lang='lat' dir='ltr'>tueri.</span> <span class='ocrx_word' id='word_1_53' title='bbox 949 731 1054 809; x_wconf 89' lang='lat' dir='ltr'>Idem</span> <span class='ocrx_word' id='word_1_54' title='bbox 1068 735 1137 810; x_wconf 87' lang='lat' dir='ltr'>trbi</span> <span class='ocrx_word' id='word_1_55' title='bbox 1148 733 1246 837; x_wconf 91' lang='lat' dir='ltr'>apud</span> <span class='ocrx_word' id='word_1_56' title='bbox 1267 757 1396 811; x_wconf 87' lang='lat' dir='ltr'>omnes</span> <span class='ocrx_word' id='word_1_57' title='bbox 1410 736 1551 812; x_wconf 84' lang='lat' dir='ltr'>animus</span> <span class='ocrx_word' id='word_1_58' title='bbox 1565 734 1603 812; x_wconf 72' lang='lat' dir='ltr'>dt</span> <span class='ocrx_word' id='word_1_59' title='bbox 1617 732 1746 814; x_wconf 84' lang='lat' dir='ltr'>eadem</span> 
     </span>
     <span class='ocr_line' id='line_1_7' title="bbox 85 831 1745 937; baseline 0.003 -30"><span class='ocrx_word' id='word_1_60' title='bbox 85 832 270 930; x_wconf 79' lang='lat' dir='ltr'>voluntas,</span> <span class='ocrx_word' id='word_1_61' title='bbox 296 833 360 930; x_wconf 89' lang='lat' dir='ltr'>qui</span> <span class='ocrx_word' id='word_1_62' title='bbox 372 855 498 907; x_wconf 88' lang='lat' dir='ltr'>amore</span> <span class='ocrx_word' id='word_1_63' title='bbox 511 852 577 908; x_wconf 92' lang='lat' dir='ltr'>tuo</span> <span class='ocrx_word' id='word_1_64' title='bbox 598 831 672 908; x_wconf 89' lang='lat' dir='ltr'>sem</span> <span class='ocrx_word' id='word_1_65' title='bbox 703 857 743 908; x_wconf 89' lang='lat' dir='ltr'>er</span> <span class='ocrx_word' id='word_1_66' title='bbox 763 831 962 936; x_wconf 71' lang='lat' dir='ltr'>complesti</span> <span class='ocrx_word' id='word_1_67' title='bbox 984 832 1075 911; x_wconf 89' lang='lat' dir='ltr'>soles</span> <span class='ocrx_word' id='word_1_68' title='bbox 1096 858 1196 913; x_wconf 81' lang='lat' dir='ltr'>notae</span> <span class='ocrx_word' id='word_1_69' title='bbox 1217 835 1256 911; x_wconf 81' lang='lat' dir='ltr'>dt</span> <span class='ocrx_word' id='word_1_70' title='bbox 1271 854 1434 937; x_wconf 81' lang='lat' dir='ltr'>expertae</span> <span class='ocrx_word' id='word_1_71' title='bbox 1452 831 1538 911; x_wconf 88' lang='lat' dir='ltr'>fidei</span> <span class='ocrx_word' id='word_1_72' title='bbox 1561 833 1745 936; x_wconf 80' lang='lat' dir='ltr'>homines,</span> 
     </span>
     <span class='ocr_line' id='line_1_8' title="bbox 82 928 1745 1036; baseline -0.001 -24"><span class='ocrx_word' id='word_1_73' title='bbox 82 932 221 1012; x_wconf 81' lang='lat' dir='ltr'>artibus</span> <span class='ocrx_word' id='word_1_74' title='bbox 240 932 350 1008; x_wconf 84' lang='lat' dir='ltr'>variis</span> <span class='ocrx_word' id='word_1_75' title='bbox 364 928 570 1031; x_wconf 73' lang='lat' dir='ltr'>miirusioa,</span> <span class='ocrx_word' id='word_1_76' title='bbox 586 931 658 1010; x_wconf 86' lang='lat' dir='ltr'>&amp;a</span> <span class='ocrx_word' id='word_1_77' title='bbox 690 933 795 1034; x_wconf 90' lang='lat' dir='ltr'>Reip.</span> <span class='ocrx_word' id='word_1_78' title='bbox 809 935 935 1008; x_wconf 88' lang='lat' dir='ltr'>munia</span> <span class='ocrx_word' id='word_1_79' title='bbox 948 932 1129 1011; x_wconf 74' lang='lat' dir='ltr'>nudanda</span> <span class='ocrx_word' id='word_1_80' title='bbox 1140 931 1324 1010; x_wconf 88' lang='lat' dir='ltr'>adhibere.</span> <span class='ocrx_word' id='word_1_81' title='bbox 1397 932 1489 1036; x_wconf 86' lang='lat' dir='ltr'>Quo</span> <span class='ocrx_word' id='word_1_82' title='bbox 1505 935 1621 1036; x_wconf 72' lang='lat' dir='ltr'>m‘agis</span> <span class='ocrx_word' id='word_1_83' title='bbox 1635 934 1745 1026; x_wconf 85' lang='lat' dir='ltr'>etiam</span> 
     </span>
     <span class='ocr_line' id='line_1_9' title="bbox 82 1027 1745 1136; baseline 0 -26"><span class='ocrx_word' id='word_1_84' title='bbox 82 1035 185 1110; x_wconf 91' lang='lat' dir='ltr'>hunc</span> <span class='ocrx_word' id='word_1_85' title='bbox 200 1031 415 1136; x_wconf 80' lang='lat' dir='ltr'>Agapetum</span> <span class='ocrx_word' id='word_1_86' title='bbox 433 1027 600 1108; x_wconf 91' lang='lat' dir='ltr'>nostrum</span> <span class='ocrx_word' id='word_1_87' title='bbox 614 1034 709 1108; x_wconf 87' lang='lat' dir='ltr'>inter</span> <span class='ocrx_word' id='word_1_88' title='bbox 726 1034 874 1110; x_wconf 85' lang='lat' dir='ltr'>clientes</span> <span class='ocrx_word' id='word_1_89' title='bbox 889 1055 974 1110; x_wconf 79' lang='lat' dir='ltr'>tuoe</span> <span class='ocrx_word' id='word_1_90' title='bbox 988 1035 1207 1134; x_wconf 79' lang='lat' dir='ltr'>numerabis,</span> <span class='ocrx_word' id='word_1_91' title='bbox 1233 1035 1299 1134; x_wconf 90' lang='lat' dir='ltr'>qui</span> <span class='ocrx_word' id='word_1_92' title='bbox 1320 1057 1398 1111; x_wconf 94' lang='lat' dir='ltr'>non</span> <span class='ocrx_word' id='word_1_93' title='bbox 1413 1033 1482 1108; x_wconf 88' lang='lat' dir='ltr'>suis</span> <span class='ocrx_word' id='word_1_94' title='bbox 1503 1031 1621 1110; x_wconf 91' lang='lat' dir='ltr'>solum</span> <span class='ocrx_word' id='word_1_95' title='bbox 1632 1035 1745 1112; x_wconf 64' lang='lat' dir='ltr'>mori·⁸</span> 
     </span>
     <span class='ocr_line' id='line_1_10' title="bbox 82 1129 1891 1238; baseline -0.001 -28"><span class='ocrx_word' id='word_1_96' title='bbox 82 1133 152 1210; x_wconf 88' lang='lat' dir='ltr'>bus</span> <span class='ocrx_word' id='word_1_97' title='bbox 165 1131 310 1230; x_wconf 88' lang='lat' dir='ltr'>suisque</span> <span class='ocrx_word' id='word_1_98' title='bbox 325 1129 522 1207; x_wconf 88' lang='lat' dir='ltr'>virtutibus</span> <span class='ocrx_word' id='word_1_99' title='bbox 540 1129 830 1232; x_wconf 88' lang='lat' dir='ltr'>commendatur,</span> <span class='ocrx_word' id='word_1_100' title='bbox 849 1131 911 1210; x_wconf 89' lang='lat' dir='ltr'>sed</span> <span class='ocrx_word' id='word_1_101' title='bbox 933 1131 1061 1210; x_wconf 89' lang='lat' dir='ltr'>nostro</span> <span class='ocrx_word' id='word_1_102' title='bbox 1086 1157 1264 1238; x_wconf 72' lang='lat' dir='ltr'>praterea</span> <span class='ocrx_word' id='word_1_103' title='bbox 1277 1129 1449 1238; x_wconf 84' lang='lat' dir='ltr'>suffragio</span> <span class='ocrx_word' id='word_1_104' title='bbox 1466 1131 1622 1232; x_wconf 86' lang='lat' dir='ltr'>adjutus,</span> <span class='ocrx_word' id='word_1_105' title='bbox 1642 1131 1743 1234; x_wconf 92' lang='lat' dir='ltr'>apud</span> <span class='ocrx_word' id='word_1_106' title='bbox 1890 1151 1891 1156; x_wconf 67' lang='lat'>‘</span> 
     </span>
     <span class='ocr_line' id='line_1_11' title="bbox 82 1229 1746 1351; baseline -0.001 -40"><span class='ocrx_word' id='word_1_107' title='bbox 82 1257 118 1311; x_wconf 89' lang='lat' dir='ltr'>te</span> <span class='ocrx_word' id='word_1_108' title='bbox 130 1235 257 1332; x_wconf 86' lang='lat' dir='ltr'>aliquo</span> <span class='ocrx_word' id='word_1_109' title='bbox 272 1241 435 1322; x_wconf 42' lang='lat' dir='ltr'>numero,</span> <span class='ocrx_word' id='word_1_110' title='bbox 450 1229 489 1308; x_wconf 80' lang='lat' dir='ltr'>dt</span> <span class='ocrx_word' id='word_1_111' title='bbox 501 1231 587 1314; x_wconf 87' lang='lat' dir='ltr'>loco</span> <span class='ocrx_word' id='word_1_112' title='bbox 603 1231 728 1307; x_wconf 87' lang='lat' dir='ltr'>haberi</span> <span class='ocrx_word' id='word_1_113' title='bbox 744 1253 915 1310; x_wconf 85' lang='lat' dir='ltr'>metetur.</span> <span class='ocrx_word' id='word_1_114' title='bbox 951 1327 954 1334; x_wconf 28' lang='grc' dir='ltr'>Ι</span> <span class='ocrx_word' id='word_1_115' title='bbox 982 1233 1138 1312; x_wconf 78' lang='lat' dir='ltr'>curabis</span> <span class='ocrx_word' id='word_1_116' title='bbox 1154 1236 1267 1351; x_wconf 78' lang='lat' dir='ltr'>igitur</span> <span class='ocrx_word' id='word_1_117' title='bbox 1286 1235 1360 1311; x_wconf 91' lang='lat' dir='ltr'>hoc</span> <span class='ocrx_word' id='word_1_118' title='bbox 1382 1235 1588 1338; x_wconf 79' lang='lat' dir='ltr'>negotium,</span> <span class='ocrx_word' id='word_1_119' title='bbox 1609 1256 1688 1308; x_wconf 92' lang='lat' dir='ltr'>non</span> <span class='ocrx_word' id='word_1_120' title='bbox 1702 1249 1746 1310; x_wconf 91' lang='lat' dir='ltr'>ut</span> 
     </span>
     <span class='ocr_line' id='line_1_12' title="bbox 83 1329 1745 1437; baseline -0.002 -25"><span class='ocrx_word' id='word_1_121' title='bbox 83 1334 255 1433; x_wconf 85' lang='lat' dir='ltr'>alienum,</span> <span class='ocrx_word' id='word_1_122' title='bbox 276 1329 337 1407; x_wconf 91' lang='lat' dir='ltr'>sed</span> <span class='ocrx_word' id='word_1_123' title='bbox 355 1341 396 1406; x_wconf 88' lang='lat' dir='ltr'>ut</span> <span class='ocrx_word' id='word_1_124' title='bbox 411 1355 548 1432; x_wconf 88' lang='lat' dir='ltr'>meum,</span> <span class='ocrx_word' id='word_1_125' title='bbox 564 1334 684 1431; x_wconf 88' lang='lat' dir='ltr'>itaque</span> <span class='ocrx_word' id='word_1_126' title='bbox 705 1354 821 1432; x_wconf 89' lang='lat' dir='ltr'>tuum,</span> <span class='ocrx_word' id='word_1_127' title='bbox 847 1337 1026 1433; x_wconf 90' lang='lat' dir='ltr'>quoniam</span> <span class='ocrx_word' id='word_1_128' title='bbox 1040 1357 1082 1413; x_wconf 91' lang='lat' dir='ltr'>ut</span> <span class='ocrx_word' id='word_1_129' title='bbox 1101 1335 1193 1410; x_wconf 79' lang='lat' dir='ltr'>mihi</span> <span class='ocrx_word' id='word_1_130' title='bbox 1213 1356 1250 1412; x_wconf 91' lang='lat' dir='ltr'>te</span> <span class='ocrx_word' id='word_1_131' title='bbox 1274 1357 1409 1437; x_wconf 91' lang='lat' dir='ltr'>cupere</span> <span class='ocrx_word' id='word_1_132' title='bbox 1431 1357 1509 1409; x_wconf 92' lang='lat' dir='ltr'>non</span> <span class='ocrx_word' id='word_1_133' title='bbox 1529 1334 1540 1405; x_wconf 91' lang='lat' dir='ltr'>i</span> <span class='ocrx_word' id='word_1_134' title='bbox 1570 1356 1681 1430; x_wconf 91' lang='lat' dir='ltr'>noro,</span> <span class='ocrx_word' id='word_1_135' title='bbox 1696 1333 1745 1408; x_wconf 86' lang='lat' dir='ltr'>ita</span> 
     </span>
     <span class='ocr_line' id='line_1_13' title="bbox 83 1429 1743 1539; baseline -0.003 -28"><span class='ocrx_word' id='word_1_136' title='bbox 83 1436 157 1533; x_wconf 88' lang='lat' dir='ltr'>ejus</span> <span class='ocrx_word' id='word_1_137' title='bbox 173 1433 338 1510; x_wconf 85' lang='lat' dir='ltr'>hominis</span> <span class='ocrx_word' id='word_1_138' title='bbox 357 1431 455 1508; x_wconf 88' lang='lat' dir='ltr'>causa</span> <span class='ocrx_word' id='word_1_139' title='bbox 470 1435 605 1534; x_wconf 86' lang='lat' dir='ltr'>omnia,</span> <span class='ocrx_word' id='word_1_140' title='bbox 620 1458 703 1531; x_wconf 83' lang='lat' dir='ltr'>quae</span> <span class='ocrx_word' id='word_1_141' title='bbox 717 1456 839 1539; x_wconf 87' lang='lat' dir='ltr'>potes,</span> <span class='ocrx_word' id='word_1_142' title='bbox 854 1437 978 1537; x_wconf 79' lang='lat' dir='ltr'>(potes</span> <span class='ocrx_word' id='word_1_143' title='bbox 992 1457 1112 1514; x_wconf 89' lang='lat' dir='ltr'>autem</span> <span class='ocrx_word' id='word_1_144' title='bbox 1130 1435 1268 1534; x_wconf 90' lang='lat' dir='ltr'>omnia)</span> <span class='ocrx_word' id='word_1_145' title='bbox 1289 1457 1326 1511; x_wconf 89' lang='lat' dir='ltr'>te</span> <span class='ocrx_word' id='word_1_146' title='bbox 1341 1434 1434 1510; x_wconf 90' lang='lat' dir='ltr'>velle</span> <span class='ocrx_word' id='word_1_147' title='bbox 1450 1457 1521 1508; x_wconf 90' lang='lat' dir='ltr'>con</span> <span class='ocrx_word' id='word_1_148' title='bbox 1550 1431 1611 1507; x_wconf 91' lang='lat' dir='ltr'>do.</span> <span class='ocrx_word' id='word_1_149' title='bbox 1682 1429 1743 1508; x_wconf 89' lang='lat' dir='ltr'>De</span> 
     </span>
     <span class='ocr_line' id='line_1_14' title="bbox 83 1527 1795 1636; baseline -0.004 -24"><span class='ocrx_word' id='word_1_150' title='bbox 83 1537 153 1612; x_wconf 86' lang='lat' dir='ltr'>ruis</span> <span class='ocrx_word' id='word_1_151' title='bbox 167 1531 343 1610; x_wconf 82' lang='lat' dir='ltr'>omnibus</span> <span class='ocrx_word' id='word_1_152' title='bbox 358 1531 488 1608; x_wconf 83' lang='lat' dir='ltr'>officiis</span> <span class='ocrx_word' id='word_1_153' title='bbox 506 1530 545 1606; x_wconf 87' lang='lat' dir='ltr'>id</span> <span class='ocrx_word' id='word_1_154' title='bbox 559 1533 652 1608; x_wconf 89' lang='lat' dir='ltr'>mihi</span> <span class='ocrx_word' id='word_1_155' title='bbox 665 1531 904 1636; x_wconf 77' lang='lat' dir='ltr'>gratissimum</span> <span class='ocrx_word' id='word_1_156' title='bbox 919 1534 1003 1612; x_wconf 90' lang='lat' dir='ltr'>fore</span> <span class='ocrx_word' id='word_1_157' title='bbox 1023 1534 1147 1612; x_wconf 84' lang='lat' dir='ltr'>credas</span> <span class='ocrx_word' id='word_1_158' title='bbox 1163 1534 1287 1634; x_wconf 88' lang='lat' dir='ltr'>veiim,</span> <span class='ocrx_word' id='word_1_159' title='bbox 1307 1534 1366 1610; x_wconf 88' lang='lat' dir='ltr'>cui</span> <span class='ocrx_word' id='word_1_160' title='bbox 1380 1530 1590 1610; x_wconf 84' lang='lat' dir='ltr'>officiamea</span> <span class='ocrx_word' id='word_1_161' title='bbox 1613 1527 1742 1606; x_wconf 83' lang='lat' dir='ltr'>studia·</span> <span class='ocrx_word' id='word_1_162' title='bbox 1788 1570 1795 1580; x_wconf 92' lang='lat'>·</span> 
     </span>
     <span class='ocr_line' id='line_1_15' title="bbox 83 1627 1847 1738; baseline 0 -28"><span class='ocrx_word' id='word_1_163' title='bbox 83 1633 363 1734; x_wconf 82' lang='lat' dir='ltr'>queadomiaea</span> <span class='ocrx_word' id='word_1_164' title='bbox 378 1631 653 1708; x_wconf 86' lang='lat' dir='ltr'>benemerendi</span> <span class='ocrx_word' id='word_1_165' title='bbox 668 1630 873 1712; x_wconf 78' lang='lat' dir='ltr'>occasiones</span> <span class='ocrx_word' id='word_1_166' title='bbox 888 1635 1037 1737; x_wconf 89' lang='lat' dir='ltr'>intenta,</span> <span class='ocrx_word' id='word_1_167' title='bbox 1056 1632 1205 1738; x_wconf 82' lang='lat' dir='ltr'>ipseque</span> <span class='ocrx_word' id='word_1_168' title='bbox 1220 1658 1294 1734; x_wconf 90' lang='lat' dir='ltr'>me,</span> <span class='ocrx_word' id='word_1_169' title='bbox 1311 1653 1467 1734; x_wconf 74' lang='lat' dir='ltr'>quenula</span> <span class='ocrx_word' id='word_1_170' title='bbox 1483 1650 1638 1733; x_wconf 85' lang='lat' dir='ltr'>quantus</span> <span class='ocrx_word' id='word_1_171' title='bbox 1650 1627 1743 1732; x_wconf 84' lang='lat' dir='ltr'>sum,</span> <span class='ocrx_word' id='word_1_172' title='bbox 1843 1689 1847 1695; x_wconf 71' lang='lat'><strong>·</strong></span> 
     </span>
    </p>

    <p class='ocr_par' dir='ltr' id='par_1_4' title="bbox 8 1728 1773 1831">
     <span class='ocr_line' id='line_1_16' title="bbox 8 1728 1773 1831; baseline -0.004 -13"><span class='ocrx_word' id='word_1_173' title='bbox 8 1745 11 1756; x_wconf 90' lang='lat'>&#39;</span> <span class='ocrx_word' id='word_1_174' title='bbox 83 1735 263 1818; x_wconf 81' lang='lat' dir='ltr'>&amp;omnia</span> <span class='ocrx_word' id='word_1_175' title='bbox 278 1757 360 1812; x_wconf 87' lang='lat' dir='ltr'>mea</span> <span class='ocrx_word' id='word_1_176' title='bbox 381 1728 552 1831; x_wconf 87' lang='lat' dir='ltr'>obsequia</span> <span class='ocrx_word' id='word_1_177' title='bbox 566 1729 801 1813; x_wconf 88' lang='lat' dir='ltr'>commendo.</span> <span class='ocrx_word' id='word_1_178' title='bbox 851 1733 952 1812; x_wconf 84' lang='lat' dir='ltr'>Vale.</span> <span class='ocrx_word' id='word_1_179' title='bbox 1770 1767 1773 1776; x_wconf 58' lang='lat'>¹</span> 
     </span>
    </p>
   </div>
   <div class='ocr_carea' id='block_1_4' title="bbox 1248 1815 1260 1831">
    <p class='ocr_par' dir='ltr' id='par_1_5' title="bbox 1248 1815 1260 1831">
     <span class='ocr_line' id='line_1_17' title="bbox 1248 1815 1260 1831; baseline 0 0"><span class='ocrx_word' id='word_1_180' title='bbox 1248 1815 1260 1831; x_wconf 69' lang='grc' dir='ltr'><em>Ι</em></span> 
     </span>
    </p>
   </div>
   <div class='ocr_carea' id='block_1_5' title="bbox 168 1909 1967 2090">
    <p class='ocr_par' dir='ltr' id='par_1_6' title="bbox 168 1909 1967 2090">
     <span class='ocr_line' id='line_1_18' title="bbox 168 1909 1967 2090; baseline -0.006 -42"><span class='ocrx_word' id='word_1_181' title='bbox 168 1935 280 2047; x_wconf 84' lang='lat' dir='ltr'>Alia</span> <span class='ocrx_word' id='word_1_182' title='bbox 306 1935 701 2044; x_wconf 85' lang='lat' dir='ltr'>commendatoria</span> <span class='ocrx_word' id='word_1_183' title='bbox 725 1973 784 2048; x_wconf 86' lang='lat' dir='ltr'>ex</span> <span class='ocrx_word' id='word_1_184' title='bbox 808 1935 1013 2080; x_wconf 85' lang='lat' dir='ltr'>Epistola</span> <span class='ocrx_word' id='word_1_185' title='bbox 1030 1938 1100 2046; x_wconf 89' lang='lat'>16.</span> <span class='ocrx_word' id='word_1_186' title='bbox 1125 1933 1203 2044; x_wconf 87' lang='lat' dir='ltr'>lib.</span> <span class='ocrx_word' id='word_1_187' title='bbox 1220 1967 1274 2047; x_wconf 87' lang='lat'>11.</span> <span class='ocrx_word' id='word_1_188' title='bbox 1293 1909 1476 2075; x_wconf 63' lang='lat' dir='ltr'>Cinfad</span> <span class='ocrx_word' id='word_1_189' title='bbox 1493 1932 1654 2044; x_wconf 78' lang='lat' dir='ltr'>Famis.</span> <span class='ocrx_word' id='word_1_190' title='bbox 1706 2057 1709 2065; x_wconf 49' lang='grc'><em>,</em></span> <span class='ocrx_word' id='word_1_191' title='bbox 1760 1961 1785 2025; x_wconf 77' lang='lat' dir='ltr'>a</span> <span class='ocrx_word' id='word_1_192' title='bbox 1826 2048 1828 2059; x_wconf 10' lang='grc' dir='ltr'>λ</span> <span class='ocrx_word' id='word_1_193' title='bbox 1966 2087 1967 2090; x_wconf 9' lang='lat'>¹</span> 
     </span>
    </p>
   </div>
   <div class='ocr_carea' id='block_1_6' title="bbox 76 2144 1917 4744">
    <p class='ocr_par' dir='ltr' id='par_1_7' title="bbox 82 2144 1740 2254">
     <span class='ocr_line' id='line_1_19' title="bbox 82 2144 1740 2254; baseline 0.001 -31"><span class='ocrx_word' id='word_1_194' title='bbox 82 2247 94 2254; x_wconf 21' lang='grc' dir='ltr'><strong><em>ρ</em></strong></span> <span class='ocrx_word' id='word_1_195' title='bbox 213 2146 325 2226; x_wconf 83' lang='lat' dir='ltr'>Adeo</span> <span class='ocrx_word' id='word_1_196' title='bbox 344 2168 381 2224; x_wconf 90' lang='lat' dir='ltr'>te</span> <span class='ocrx_word' id='word_1_197' title='bbox 402 2146 552 2247; x_wconf 84' lang='lat' dir='ltr'>quidem</span> <span class='ocrx_word' id='word_1_198' title='bbox 569 2149 931 2252; x_wconf 60' lang='lat' dir='ltr'>impeditumrenent</span> <span class='ocrx_word' id='word_1_199' title='bbox 944 2144 1065 2226; x_wconf 85' lang='lat' dir='ltr'>civilia</span> <span class='ocrx_word' id='word_1_200' title='bbox 1078 2147 1207 2250; x_wconf 88' lang='lat' dir='ltr'>officia,</span> <span class='ocrx_word' id='word_1_201' title='bbox 1222 2169 1270 2253; x_wconf 88' lang='lat' dir='ltr'>pe</span> <span class='ocrx_word' id='word_1_202' title='bbox 1315 2151 1482 2250; x_wconf 82' lang='lat' dir='ltr'>etuisque</span> <span class='ocrx_word' id='word_1_203' title='bbox 1501 2147 1673 2225; x_wconf 87' lang='lat' dir='ltr'>clientum</span> <span class='ocrx_word' id='word_1_204' title='bbox 1688 2147 1740 2224; x_wconf 86' lang='lat' dir='ltr'>in·</span> 
     </span>
    </p>

    <p class='ocr_par' dir='ltr' id='par_1_8' title="bbox 83 2245 1743 2422">
     <span class='ocr_line' id='line_1_20' title="bbox 83 2245 1743 2422; baseline -0.001 -96"><span class='ocrx_word' id='word_1_205' title='bbox 83 2247 359 2422; x_wconf 52' lang='lat' dir='ltr'>‘cursarionibuq</span> <span class='ocrx_word' id='word_1_206' title='bbox 384 2245 524 2337; x_wconf 84' lang='lat' dir='ltr'>studiis,</span> <span class='ocrx_word' id='word_1_207' title='bbox 548 2247 850 2352; x_wconf 84' lang='lat' dir='ltr'>sermonibusque</span> <span class='ocrx_word' id='word_1_208' title='bbox 874 2248 1063 2350; x_wconf 84' lang='lat' dir='ltr'>obfideris,</span> <span class='ocrx_word' id='word_1_209' title='bbox 1087 2271 1130 2326; x_wconf 92' lang='lat' dir='ltr'>ut</span> <span class='ocrx_word' id='word_1_210' title='bbox 1155 2273 1233 2327; x_wconf 92' lang='lat' dir='ltr'>non</span> <span class='ocrx_word' id='word_1_211' title='bbox 1252 2252 1286 2327; x_wconf 84' lang='lat' dir='ltr'>n&#39;</span> <span class='ocrx_word' id='word_1_212' title='bbox 1304 2275 1317 2326; x_wconf 89' lang='grc' dir='ltr'>ι</span> <span class='ocrx_word' id='word_1_213' title='bbox 1337 2273 1407 2354; x_wconf 90' lang='lat' dir='ltr'>per</span> <span class='ocrx_word' id='word_1_214' title='bbox 1427 2247 1615 2326; x_wconf 80' lang='lat' dir='ltr'>cunicrdos</span> <span class='ocrx_word' id='word_1_215' title='bbox 1634 2246 1743 2324; x_wconf 86' lang='lat' dir='ltr'>obre·</span> 
     </span>
    </p>

    <p class='ocr_par' dir='ltr' id='par_1_9' title="bbox 82 2345 1741 2455">
     <span class='ocr_line' id='line_1_21' title="bbox 82 2345 1741 2455; baseline 0.001 -31"><span class='ocrx_word' id='word_1_216' title='bbox 82 2373 177 2450; x_wconf 89' lang='lat' dir='ltr'>pere·</span> <span class='ocrx_word' id='word_1_217' title='bbox 192 2347 260 2424; x_wconf 87' lang='lat' dir='ltr'>tibi</span> <span class='ocrx_word' id='word_1_218' title='bbox 285 2371 328 2428; x_wconf 81' lang='lat' dir='ltr'>au</span> <span class='ocrx_word' id='word_1_219' title='bbox 344 2348 465 2424; x_wconf 81' lang='lat' dir='ltr'>rthaec</span> <span class='ocrx_word' id='word_1_220' title='bbox 483 2345 654 2448; x_wconf 80' lang='lat' dir='ltr'>Epistola.</span> <span class='ocrx_word' id='word_1_221' title='bbox 729 2352 857 2454; x_wconf 80' lang='lat' dir='ltr'>Qare</span> <span class='ocrx_word' id='word_1_222' title='bbox 879 2352 1074 2455; x_wconf 84' lang='lat' dir='ltr'>negotium</span> <span class='ocrx_word' id='word_1_223' title='bbox 1098 2350 1173 2425; x_wconf 89' lang='lat' dir='ltr'>hoc</span> <span class='ocrx_word' id='word_1_224' title='bbox 1196 2348 1283 2427; x_wconf 87' lang='lat' dir='ltr'>dedi</span> <span class='ocrx_word' id='word_1_225' title='bbox 1305 2349 1408 2426; x_wconf 87' lang='lat' dir='ltr'>fratri</span> <span class='ocrx_word' id='word_1_226' title='bbox 1428 2373 1516 2426; x_wconf 88' lang='lat' dir='ltr'>meo</span> <span class='ocrx_word' id='word_1_227' title='bbox 1552 2368 1593 2425; x_wconf 93' lang='lat' dir='ltr'>ut</span> <span class='ocrx_word' id='word_1_228' title='bbox 1611 2348 1741 2426; x_wconf 80' lang='lat' dir='ltr'>moues</span> 
     </span>
    </p>

    <p class='ocr_par' dir='ltr' id='par_1_10' title="bbox 82 2407 1757 2552">
     <span class='ocr_line' id='line_1_22' title="bbox 82 2407 1757 2552; baseline 0.001 -28"><span class='ocrx_word' id='word_1_229' title='bbox 82 2447 197 2524; x_wconf 86' lang='lat' dir='ltr'>aditus</span> <span class='ocrx_word' id='word_1_230' title='bbox 221 2448 260 2522; x_wconf 82' lang='lat' dir='ltr'>dr</span> <span class='ocrx_word' id='word_1_231' title='bbox 279 2448 403 2524; x_wconf 88' lang='lat' dir='ltr'>mollia</span> <span class='ocrx_word' id='word_1_232' title='bbox 423 2446 524 2523; x_wconf 88' lang='lat' dir='ltr'>fandi</span> <span class='ocrx_word' id='word_1_233' title='bbox 543 2470 714 2552; x_wconf 89' lang='lat' dir='ltr'>tempora</span> <span class='ocrx_word' id='word_1_234' title='bbox 736 2451 945 2548; x_wconf 90' lang='lat' dir='ltr'>observans,</span> <span class='ocrx_word' id='word_1_235' title='bbox 967 2470 1205 2551; x_wconf 81' lang='lat' dir='ltr'>attemperate</span> <span class='ocrx_word' id='word_1_236' title='bbox 1236 2448 1302 2524; x_wconf 92' lang='lat' dir='ltr'>tibi</span> <span class='ocrx_word' id='word_1_237' title='bbox 1329 2447 1489 2528; x_wconf 84' lang='lat' dir='ltr'>traderet</span> <span class='ocrx_word' id='word_1_238' title='bbox 1516 2407 1581 2526; x_wconf 67' lang='lat' dir='ltr'>bas</span> <span class='ocrx_word' id='word_1_239' title='bbox 1609 2448 1757 2526; x_wconf 81' lang='lat' dir='ltr'>literas..</span> 
     </span>
    </p>

    <p class='ocr_par' dir='ltr' id='par_1_11' title="bbox 82 2545 1806 2653">
     <span class='ocr_line' id='line_1_23' title="bbox 82 2545 1806 2653; baseline -0.001 -29"><span class='ocrx_word' id='word_1_240' title='bbox 82 2545 412 2653; x_wconf 81' lang='lat' dir='ltr'>Qrenradmodum</span> <span class='ocrx_word' id='word_1_241' title='bbox 427 2550 526 2624; x_wconf 91' lang='lat' dir='ltr'>enim</span> <span class='ocrx_word' id='word_1_242' title='bbox 535 2545 747 2628; x_wconf 80' lang='lat' dir='ltr'>salutatores</span> <span class='ocrx_word' id='word_1_243' title='bbox 758 2549 1136 2650; x_wconf 84' lang='lat' dir='ltr'>crebri&amp;importuni</span> <span class='ocrx_word' id='word_1_244' title='bbox 1155 2547 1351 2625; x_wconf 81' lang='lat' dir='ltr'>obturbare</span> <span class='ocrx_word' id='word_1_245' title='bbox 1365 2547 1498 2645; x_wconf 84' lang='lat' dir='ltr'>solent3</span> <span class='ocrx_word' id='word_1_246' title='bbox 1531 2545 1739 2648; x_wconf 88' lang='lat' dir='ltr'>itaEpisto·</span> <span class='ocrx_word' id='word_1_247' title='bbox 1802 2567 1806 2576; x_wconf 89' lang='lat'><em>·</em></span> 
     </span>
    </p>

    <p class='ocr_par' dir='ltr' id='par_1_12' title="bbox 83 2644 1740 2748">
     <span class='ocr_line' id='line_1_24' title="bbox 83 2644 1740 2748; baseline -0.003 -24"><span class='ocrx_word' id='word_1_248' title='bbox 83 2649 136 2748; x_wconf 80' lang='lat' dir='ltr'>lae,</span> <span class='ocrx_word' id='word_1_249' title='bbox 153 2647 335 2724; x_wconf 85' lang='lat' dir='ltr'>nonioco</span> <span class='ocrx_word' id='word_1_250' title='bbox 348 2644 514 2748; x_wconf 84' lang='lat' dir='ltr'>redditae,</span> <span class='ocrx_word' id='word_1_251' title='bbox 537 2650 647 2748; x_wconf 84' lang='lat' dir='ltr'>vires,</span> <span class='ocrx_word' id='word_1_252' title='bbox 669 2650 809 2746; x_wconf 86' lang='lat' dir='ltr'>oculos,</span> <span class='ocrx_word' id='word_1_253' title='bbox 826 2649 1128 2745; x_wconf 85' lang='lat' dir='ltr'>voluntatemque</span> <span class='ocrx_word' id='word_1_254' title='bbox 1152 2649 1349 2722; x_wconf 91' lang='lat' dir='ltr'>hominum</span> <span class='ocrx_word' id='word_1_255' title='bbox 1371 2669 1637 2748; x_wconf 85' lang='lat' dir='ltr'>occupatorum</span> <span class='ocrx_word' id='word_1_256' title='bbox 1659 2648 1740 2720; x_wconf 87' lang='lat' dir='ltr'>vio·</span> 
     </span>
    </p>

    <p class='ocr_par' dir='ltr' id='par_1_13' title="bbox 81 2743 1739 2852">
     <span class='ocr_line' id='line_1_25' title="bbox 81 2743 1739 2852; baseline -0.002 -30"><span class='ocrx_word' id='word_1_257' title='bbox 81 2747 160 2826; x_wconf 89' lang='lat' dir='ltr'>lant.</span> <span class='ocrx_word' id='word_1_258' title='bbox 236 2747 275 2825; x_wconf 86' lang='lat' dir='ltr'>Si</span> <span class='ocrx_word' id='word_1_259' title='bbox 295 2771 387 2825; x_wconf 88' lang='lat' dir='ltr'>vero</span> <span class='ocrx_word' id='word_1_260' title='bbox 405 2747 450 2824; x_wconf 90' lang='lat' dir='ltr'>ab</span> <span class='ocrx_word' id='word_1_261' title='bbox 469 2747 578 2823; x_wconf 88' lang='lat' dir='ltr'>rebus</span> <span class='ocrx_word' id='word_1_262' title='bbox 600 2749 671 2826; x_wconf 88' lang='lat' dir='ltr'>tuis</span> <span class='ocrx_word' id='word_1_263' title='bbox 691 2745 910 2852; x_wconf 86' lang='lat' dir='ltr'>graviffimis</span> <span class='ocrx_word' id='word_1_264' title='bbox 931 2767 1075 2824; x_wconf 89' lang='lat' dir='ltr'>tantum</span> <span class='ocrx_word' id='word_1_265' title='bbox 1095 2744 1231 2844; x_wconf 18' lang='lat' dir='ltr'>estlotii</span> <span class='ocrx_word' id='word_1_266' title='bbox 1249 2744 1330 2846; x_wconf 89' lang='lat' dir='ltr'>ribi,</span> <span class='ocrx_word' id='word_1_267' title='bbox 1354 2767 1396 2820; x_wconf 93' lang='lat' dir='ltr'>ut</span> <span class='ocrx_word' id='word_1_268' title='bbox 1416 2743 1620 2846; x_wconf 85' lang='lat' dir='ltr'>Epistoiam</span> <span class='ocrx_word' id='word_1_269' title='bbox 1644 2745 1739 2821; x_wconf 91' lang='lat' dir='ltr'>hanc</span> 
     </span>
    </p>

    <p class='ocr_par' dir='ltr' id='par_1_14' title="bbox 80 2841 1739 2952">
     <span class='ocr_line' id='line_1_26' title="bbox 80 2841 1739 2952; baseline -0.002 -30"><span class='ocrx_word' id='word_1_270' title='bbox 80 2849 203 2952; x_wconf 85' lang='lat' dir='ltr'>legere</span> <span class='ocrx_word' id='word_1_271' title='bbox 217 2871 297 2924; x_wconf 92' lang='lat' dir='ltr'>non</span> <span class='ocrx_word' id='word_1_272' title='bbox 309 2846 533 2952; x_wconf 84' lang='lat' dir='ltr'>dedigneris,</span> <span class='ocrx_word' id='word_1_273' title='bbox 557 2845 708 2924; x_wconf 85' lang='lat' dir='ltr'>fifrater</span> <span class='ocrx_word' id='word_1_274' title='bbox 721 2869 824 2926; x_wconf 87' lang='lat' dir='ltr'>meus</span> <span class='ocrx_word' id='word_1_275' title='bbox 839 2867 876 2923; x_wconf 88' lang='lat' dir='ltr'>te</span> <span class='ocrx_word' id='word_1_276' title='bbox 894 2871 993 2922; x_wconf 89' lang='lat' dir='ltr'>nunc</span> <span class='ocrx_word' id='word_1_277' title='bbox 1006 2843 1230 2922; x_wconf 85' lang='lat' dir='ltr'>inficientem</span> <span class='ocrx_word' id='word_1_278' title='bbox 1246 2844 1285 2921; x_wconf 79' lang='lat' dir='ltr'>dr</span> <span class='ocrx_word' id='word_1_279' title='bbox 1305 2867 1462 2920; x_wconf 89' lang='lat' dir='ltr'>vacuum</span> <span class='ocrx_word' id='word_1_280' title='bbox 1482 2841 1739 2944; x_wconf 86' lang='lat' dir='ltr'>deprehendit,</span> 
     </span>
    </p>

    <p class='ocr_par' dir='ltr' id='par_1_15' title="bbox 83 2939 1739 3052">
     <span class='ocr_line' id='line_1_27' title="bbox 83 2939 1739 3052; baseline -0.004 -28"><span class='ocrx_word' id='word_1_281' title='bbox 83 2945 182 3026; x_wconf 86' lang='lat' dir='ltr'>facile</span> <span class='ocrx_word' id='word_1_282' title='bbox 197 2971 266 3040; x_wconf 64' lang='lat' dir='ltr'>me,</span> <span class='ocrx_word' id='word_1_283' title='bbox 279 2950 441 3024; x_wconf 85' lang='lat' dir='ltr'>animum</span> <span class='ocrx_word' id='word_1_284' title='bbox 456 2967 562 3026; x_wconf 92' lang='lat' dir='ltr'>tuum</span> <span class='ocrx_word' id='word_1_285' title='bbox 576 2969 872 3052; x_wconf 86' lang='lat' dir='ltr'>expugnaturum</span> <span class='ocrx_word' id='word_1_286' title='bbox 893 2942 1056 3024; x_wconf 87' lang='lat' dir='ltr'>confido.</span> <span class='ocrx_word' id='word_1_287' title='bbox 1132 2945 1329 3050; x_wconf 84' lang='lat' dir='ltr'>Agapetus·</span> <span class='ocrx_word' id='word_1_288' title='bbox 1345 2941 1470 3022; x_wconf 85' lang='lat' dir='ltr'>noster</span> <span class='ocrx_word' id='word_1_289' title='bbox 1490 2942 1590 3020; x_wconf 90' lang='lat' dir='ltr'>sacro</span> <span class='ocrx_word' id='word_1_290' title='bbox 1614 2939 1739 3018; x_wconf 89' lang='lat' dir='ltr'>ordini</span> 
     </span>
    </p>

    <p class='ocr_par' dir='ltr' id='par_1_16' title="bbox 81 3043 1737 3150">
     <span class='ocr_line' id='line_1_28' title="bbox 81 3043 1737 3150; baseline -0.002 -28"><span class='ocrx_word' id='word_1_291' title='bbox 81 3048 211 3124; x_wconf 86' lang='lat' dir='ltr'>initiari</span> <span class='ocrx_word' id='word_1_292' title='bbox 233 3049 347 3150; x_wconf 90' lang='lat' dir='ltr'>cupit,</span> <span class='ocrx_word' id='word_1_293' title='bbox 372 3048 412 3125; x_wconf 74' lang='grc' dir='ltr'>ἃ</span> <span class='ocrx_word' id='word_1_294' title='bbox 438 3045 462 3122; x_wconf 82' lang='grc'><strong>8</strong></span> <span class='ocrx_word' id='word_1_295' title='bbox 491 3069 609 3124; x_wconf 88' lang='lat' dir='ltr'>artam</span> <span class='ocrx_word' id='word_1_296' title='bbox 630 3045 835 3126; x_wconf 85' lang='lat' dir='ltr'>Sacerdotis</span> <span class='ocrx_word' id='word_1_297' title='bbox 857 3046 991 3143; x_wconf 83' lang='lat' dir='ltr'>ambit3</span> <span class='ocrx_word' id='word_1_298' title='bbox 1030 3047 1069 3122; x_wconf 91' lang='lat' dir='ltr'>in</span> <span class='ocrx_word' id='word_1_299' title='bbox 1088 3044 1164 3144; x_wconf 83' lang='lat' dir='ltr'>ejus</span> <span class='ocrx_word' id='word_1_300' title='bbox 1187 3043 1488 3128; x_wconf 84' lang='lat' dir='ltr'>consuetudinem</span> <span class='ocrx_word' id='word_1_301' title='bbox 1511 3068 1571 3120; x_wconf 87' lang='lat' dir='ltr'>me</span> <span class='ocrx_word' id='word_1_302' title='bbox 1591 3043 1737 3146; x_wconf 86' lang='lat' dir='ltr'>penitus</span> 
     </span>
    </p>

    <p class='ocr_par' dir='ltr' id='par_1_17' title="bbox 82 3142 1737 3258">
     <span class='ocr_line' id='line_1_29' title="bbox 82 3142 1737 3258; baseline -0.002 -35"><span class='ocrx_word' id='word_1_303' title='bbox 82 3146 253 3246; x_wconf 72' lang='lat' dir='ltr'>immersi,</span> <span class='ocrx_word' id='word_1_304' title='bbox 277 3171 356 3258; x_wconf 55' lang='grc' dir='ltr'>περ</span> <span class='ocrx_word' id='word_1_305' title='bbox 369 3147 452 3228; x_wconf 84' lang='lat' dir='ltr'>blau</span> <span class='ocrx_word' id='word_1_306' title='bbox 481 3149 550 3226; x_wconf 82' lang='lat' dir='ltr'>&#39;tiis</span> <span class='ocrx_word' id='word_1_307' title='bbox 565 3143 930 3248; x_wconf 80' lang='lat' dir='ltr'>assentationibuaque</span> <span class='ocrx_word' id='word_1_308' title='bbox 946 3145 1098 3247; x_wconf 71' lang='lat' dir='ltr'>illedn,</span> <span class='ocrx_word' id='word_1_309' title='bbox 1116 3143 1177 3222; x_wconf 86' lang='lat' dir='ltr'>sed</span> <span class='ocrx_word' id='word_1_310' title='bbox 1194 3149 1345 3246; x_wconf 86' lang='lat' dir='ltr'>virtute,</span> <span class='ocrx_word' id='word_1_311' title='bbox 1366 3142 1545 3245; x_wconf 70' lang='lat' dir='ltr'>dostrina,</span> <span class='ocrx_word' id='word_1_312' title='bbox 1570 3143 1737 3246; x_wconf 82' lang='lat' dir='ltr'>optimis·</span> 
     </span>
    </p>

    <p class='ocr_par' dir='ltr' id='par_1_18' title="bbox 84 3244 1737 3365">
     <span class='ocr_line' id='line_1_30' title="bbox 84 3244 1737 3365; baseline -0.002 -41"><span class='ocrx_word' id='word_1_313' title='bbox 84 3273 152 3346; x_wconf 88' lang='lat' dir='ltr'>que</span> <span class='ocrx_word' id='word_1_314' title='bbox 173 3245 354 3326; x_wconf 80' lang='lat' dir='ltr'>moribus.</span> <span class='ocrx_word' id='word_1_315' title='bbox 426 3247 555 3365; x_wconf 81' lang='lat' dir='ltr'>Quare</span> <span class='ocrx_word' id='word_1_316' title='bbox 575 3249 678 3325; x_wconf 90' lang='lat' dir='ltr'>illum</span> <span class='ocrx_word' id='word_1_317' title='bbox 691 3251 730 3325; x_wconf 94' lang='lat' dir='ltr'>in</span> <span class='ocrx_word' id='word_1_318' title='bbox 743 3245 1017 3326; x_wconf 86' lang='lat' dir='ltr'>familiariffimis</span> <span class='ocrx_word' id='word_1_319' title='bbox 1039 3249 1130 3324; x_wconf 86' lang='lat' dir='ltr'>meis</span> <span class='ocrx_word' id='word_1_320' title='bbox 1152 3244 1220 3323; x_wconf 82' lang='lat' dir='ltr'>eise</span> <span class='ocrx_word' id='word_1_321' title='bbox 1243 3246 1347 3322; x_wconf 88' lang='lat' dir='ltr'>volui</span> <span class='ocrx_word' id='word_1_322' title='bbox 1383 3269 1424 3322; x_wconf 89' lang='lat' dir='ltr'>ac</span> <span class='ocrx_word' id='word_1_323' title='bbox 1438 3245 1575 3348; x_wconf 87' lang='lat' dir='ltr'>multos</span> <span class='ocrx_word' id='word_1_324' title='bbox 1591 3245 1666 3344; x_wconf 82' lang='lat' dir='ltr'>jam</span> <span class='ocrx_word' id='word_1_325' title='bbox 1689 3264 1737 3320; x_wconf 88' lang='lat' dir='ltr'>eo</span> 
     </span>
    </p>

    <p class='ocr_par' dir='ltr' id='par_1_19' title="bbox 81 3304 1738 3453">
     <span class='ocr_line' id='line_1_31' title="bbox 81 3304 1738 3453; baseline -0.004 -29"><span class='ocrx_word' id='word_1_326' title='bbox 81 3370 164 3427; x_wconf 89' lang='lat' dir='ltr'>utor</span> <span class='ocrx_word' id='word_1_327' title='bbox 180 3371 307 3426; x_wconf 86' lang='lat' dir='ltr'>annos.</span> <span class='ocrx_word' id='word_1_328' title='bbox 382 3347 492 3424; x_wconf 80' lang='lat' dir='ltr'>Nihil</span> <span class='ocrx_word' id='word_1_329' title='bbox 509 3373 602 3453; x_wconf 85' lang='lat' dir='ltr'>ergo</span> <span class='ocrx_word' id='word_1_330' title='bbox 615 3351 752 3425; x_wconf 86' lang='lat' dir='ltr'>mirum</span> <span class='ocrx_word' id='word_1_331' title='bbox 788 3347 908 3449; x_wconf 86' lang='lat' dir='ltr'>srejus</span> <span class='ocrx_word' id='word_1_332' title='bbox 929 3347 1084 3425; x_wconf 80' lang='lat' dir='ltr'>causa-dt</span> <span class='ocrx_word' id='word_1_333' title='bbox 1107 3349 1218 3448; x_wconf 89' lang='lat' dir='ltr'>cupio</span> <span class='ocrx_word' id='word_1_334' title='bbox 1235 3345 1273 3439; x_wconf 76' lang='lat' dir='ltr'>dt</span> <span class='ocrx_word' id='word_1_335' title='bbox 1290 3304 1394 3444; x_wconf 81' lang='lat' dir='ltr'>voso,</span> <span class='ocrx_word' id='word_1_336' title='bbox 1422 3368 1536 3442; x_wconf 91' lang='lat' dir='ltr'>quem</span> <span class='ocrx_word' id='word_1_337' title='bbox 1560 3339 1738 3420; x_wconf 83' lang='lat' dir='ltr'>existima·</span> 
     </span>
    </p>

    <p class='ocr_par' dir='ltr' id='par_1_20' title="bbox 81 3410 1801 3552">
     <span class='ocr_line' id='line_1_32' title="bbox 81 3410 1801 3552; baseline -0.002 -27"><span class='ocrx_word' id='word_1_338' title='bbox 81 3450 189 3527; x_wconf 85' lang='lat' dir='ltr'>tionis</span> <span class='ocrx_word' id='word_1_339' title='bbox 201 3471 296 3526; x_wconf 78' lang='lat' dir='ltr'>meoe</span> <span class='ocrx_word' id='word_1_340' title='bbox 311 3443 603 3526; x_wconf 76' lang='lat' dir='ltr'>studiosissimum</span> <span class='ocrx_word' id='word_1_341' title='bbox 617 3410 960 3552; x_wconf 79' lang='lat' dir='ltr'>cupidissimumque</span> <span class='ocrx_word' id='word_1_342' title='bbox 973 3445 1040 3523; x_wconf 84' lang='lat' dir='ltr'>effe</span> <span class='ocrx_word' id='word_1_343' title='bbox 1052 3447 1134 3522; x_wconf 88' lang='lat' dir='ltr'>scio.</span> <span class='ocrx_word' id='word_1_344' title='bbox 1200 3441 1293 3520; x_wconf 85' lang='lat' dir='ltr'>llibd</span> <span class='ocrx_word' id='word_1_345' title='bbox 1309 3447 1420 3522; x_wconf 83' lang='lat' dir='ltr'>etiam</span> <span class='ocrx_word' id='word_1_346' title='bbox 1437 3469 1499 3520; x_wconf 88' lang='lat' dir='ltr'>me</span> <span class='ocrx_word' id='word_1_347' title='bbox 1513 3467 1591 3522; x_wconf 88' lang='lat' dir='ltr'>non</span> <span class='ocrx_word' id='word_1_348' title='bbox 1605 3465 1738 3546; x_wconf 82' lang='lat' dir='ltr'>pamm</span> <span class='ocrx_word' id='word_1_349' title='bbox 1798 3489 1801 3501; x_wconf 80' lang='lat'><em>=</em></span> 
     </span>
    </p>

    <p class='ocr_par' dir='ltr' id='par_1_21' title="bbox 82 3541 1738 3650">
     <span class='ocr_line' id='line_1_33' title="bbox 82 3541 1738 3650; baseline -0.002 -26"><span class='ocrx_word' id='word_1_350' title='bbox 82 3571 310 3650; x_wconf 87' lang='lat' dir='ltr'>commovet,</span> <span class='ocrx_word' id='word_1_351' title='bbox 334 3547 439 3648; x_wconf 92' lang='lat' dir='ltr'>quod</span> <span class='ocrx_word' id='word_1_352' title='bbox 456 3548 576 3624; x_wconf 90' lang='lat' dir='ltr'>homo</span> <span class='ocrx_word' id='word_1_353' title='bbox 592 3547 639 3624; x_wconf 91' lang='lat' dir='ltr'>ad</span> <span class='ocrx_word' id='word_1_354' title='bbox 660 3552 785 3626; x_wconf 87' lang='lat' dir='ltr'>omnia</span> <span class='ocrx_word' id='word_1_355' title='bbox 799 3547 917 3625; x_wconf 88' lang='lat' dir='ltr'>officia</span> <span class='ocrx_word' id='word_1_356' title='bbox 940 3544 1068 3646; x_wconf 71' lang='lat' dir='ltr'>fastus,</span> <span class='ocrx_word' id='word_1_357' title='bbox 1088 3543 1302 3622; x_wconf 87' lang='lat' dir='ltr'>difficillimo</span> <span class='ocrx_word' id='word_1_358' title='bbox 1322 3545 1430 3648; x_wconf 91' lang='lat' dir='ltr'>plane</span> <span class='ocrx_word' id='word_1_359' title='bbox 1451 3567 1577 3622; x_wconf 89' lang='lat' dir='ltr'>rerum</span> <span class='ocrx_word' id='word_1_360' title='bbox 1602 3541 1738 3620; x_wconf 89' lang='lat' dir='ltr'>nostra·</span> 
     </span>
    </p>

    <p class='ocr_par' dir='ltr' id='par_1_22' title="bbox 82 3641 1736 3750">
     <span class='ocr_line' id='line_1_34' title="bbox 82 3641 1736 3750; baseline -0.001 -26"><span class='ocrx_word' id='word_1_361' title='bbox 82 3673 162 3725; x_wconf 89' lang='lat' dir='ltr'>nnn</span> <span class='ocrx_word' id='word_1_362' title='bbox 180 3643 431 3749; x_wconf 84' lang='lat' dir='ltr'>staru,eias1bi</span> <span class='ocrx_word' id='word_1_363' title='bbox 446 3671 508 3724; x_wconf 91' lang='lat' dir='ltr'>me</span> <span class='ocrx_word' id='word_1_364' title='bbox 527 3646 713 3730; x_wconf 87' lang='lat' dir='ltr'>beneficiis</span> <span class='ocrx_word' id='word_1_365' title='bbox 729 3648 932 3748; x_wconf 83' lang='lat' dir='ltr'>obstrinxit,</span> <span class='ocrx_word' id='word_1_366' title='bbox 957 3667 1011 3747; x_wconf 88' lang='lat' dir='ltr'>ut,</span> <span class='ocrx_word' id='word_1_367' title='bbox 1036 3643 1101 3724; x_wconf 85' lang='lat' dir='ltr'>nist</span> <span class='ocrx_word' id='word_1_368' title='bbox 1117 3643 1216 3749; x_wconf 86' lang='lat' dir='ltr'>apud</span> <span class='ocrx_word' id='word_1_369' title='bbox 1231 3669 1293 3723; x_wconf 91' lang='lat' dir='ltr'>me</span> <span class='ocrx_word' id='word_1_370' title='bbox 1315 3647 1410 3750; x_wconf 85' lang='lat' dir='ltr'>grati</span> <span class='ocrx_word' id='word_1_371' title='bbox 1431 3646 1542 3730; x_wconf 87' lang='lat' dir='ltr'>animi</span> <span class='ocrx_word' id='word_1_372' title='bbox 1567 3645 1606 3722; x_wconf 82' lang='lat' dir='ltr'>dt</span> <span class='ocrx_word' id='word_1_373' title='bbox 1618 3641 1736 3722; x_wconf 84' lang='lat' dir='ltr'>fidelia</span> 
     </span>
    </p>

    <p class='ocr_par' dir='ltr' id='par_1_23' title="bbox 82 3743 1825 3852">
     <span class='ocr_line' id='line_1_35' title="bbox 82 3743 1825 3852; baseline -0.003 -28"><span class='ocrx_word' id='word_1_374' title='bbox 82 3753 261 3839; x_wconf 82' lang='lat' dir='ltr'>memoria</span> <span class='ocrx_word' id='word_1_375' title='bbox 274 3743 480 3852; x_wconf 82' lang='lat' dir='ltr'>superesset,</span> <span class='ocrx_word' id='word_1_376' title='bbox 503 3754 561 3849; x_wconf 71' lang='grc' dir='ltr'>οἰχ</span> <span class='ocrx_word' id='word_1_377' title='bbox 608 3755 697 3836; x_wconf 74' lang='lat' dir='ltr'>resur</span> <span class='ocrx_word' id='word_1_378' title='bbox 712 3749 805 3826; x_wconf 91' lang='lat' dir='ltr'>mihi</span> <span class='ocrx_word' id='word_1_379' title='bbox 820 3752 960 3824; x_wconf 88' lang='lat' dir='ltr'>crimen</span> <span class='ocrx_word' id='word_1_380' title='bbox 975 3745 1204 3824; x_wconf 90' lang='lat' dir='ltr'>subeundum</span> <span class='ocrx_word' id='word_1_381' title='bbox 1219 3743 1262 3823; x_wconf 87' lang='lat' dir='ltr'>fit</span> <span class='ocrx_word' id='word_1_382' title='bbox 1292 3743 1397 3846; x_wconf 92' lang='lat' dir='ltr'>quod</span> <span class='ocrx_word' id='word_1_383' title='bbox 1414 3769 1488 3849; x_wconf 84' lang='lat' dir='ltr'>ego</span> <span class='ocrx_word' id='word_1_384' title='bbox 1507 3767 1590 3822; x_wconf 93' lang='lat' dir='ltr'>toto</span> <span class='ocrx_word' id='word_1_385' title='bbox 1611 3748 1736 3820; x_wconf 85' lang='lat' dir='ltr'>animo</span> <span class='ocrx_word' id='word_1_386' title='bbox 1821 3777 1825 3784; x_wconf 92' lang='lat'>·</span> 
     </span>
    </p>

    <p class='ocr_par' dir='ltr' id='par_1_24' title="bbox 82 3806 1738 3949">
     <span class='ocr_line' id='line_1_36' title="bbox 82 3806 1738 3949; baseline -0.004 -25"><span class='ocrx_word' id='word_1_387' title='bbox 82 3847 243 3928; x_wconf 88' lang='lat' dir='ltr'>detestor</span> <span class='ocrx_word' id='word_1_388' title='bbox 259 3849 506 3927; x_wconf 83' lang='lat' dir='ltr'>&amp;abhorreo</span> <span class='ocrx_word' id='word_1_389' title='bbox 569 3898 572 3904; x_wconf 38' lang='grc' dir='ltr'><em>ι</em></span> <span class='ocrx_word' id='word_1_390' title='bbox 624 3877 692 3949; x_wconf 80' lang='lat' dir='ltr'>uae,</span> <span class='ocrx_word' id='word_1_391' title='bbox 709 3851 845 3926; x_wconf 85' lang='lat' dir='ltr'>cumin</span> <span class='ocrx_word' id='word_1_392' title='bbox 864 3850 1002 3923; x_wconf 87' lang='lat' dir='ltr'>civium</span> <span class='ocrx_word' id='word_1_393' title='bbox 1023 3844 1234 3924; x_wconf 90' lang='lat' dir='ltr'>nostrorum</span> <span class='ocrx_word' id='word_1_394' title='bbox 1254 3806 1482 3948; x_wconf 86' lang='lat' dir='ltr'>sermonibus</span> <span class='ocrx_word' id='word_1_395' title='bbox 1499 3869 1540 3920; x_wconf 91' lang='lat' dir='ltr'>ac</span> <span class='ocrx_word' id='word_1_396' title='bbox 1554 3842 1738 3921; x_wconf 84' lang='lat' dir='ltr'>mentibus</span> 
     </span>
    </p>

    <p class='ocr_par' dir='ltr' id='par_1_25' title="bbox 76 3940 1740 4050">
     <span class='ocr_line' id='line_1_37' title="bbox 76 3940 1740 4050; baseline -0.005 -26"><span class='ocrx_word' id='word_1_397' title='bbox 76 3947 226 4050; x_wconf 50' lang='lat' dir='ltr'>,harem</span> <span class='ocrx_word' id='word_1_398' title='bbox 276 3975 325 4050; x_wconf 77' lang='lat' dir='ltr'>an</span> <span class='ocrx_word' id='word_1_399' title='bbox 343 3974 509 4049; x_wconf 85' lang='lat' dir='ltr'>unquam</span> <span class='ocrx_word' id='word_1_400' title='bbox 527 3973 574 4026; x_wconf 86' lang='lat' dir='ltr'>ex</span> <span class='ocrx_word' id='word_1_401' title='bbox 594 3957 718 4027; x_wconf 88' lang='lat' dir='ltr'>animo</span> <span class='ocrx_word' id='word_1_402' title='bbox 741 3973 827 4026; x_wconf 93' lang='lat' dir='ltr'>meo</span> <span class='ocrx_word' id='word_1_403' title='bbox 850 3945 1005 4028; x_wconf 80' lang='lat' dir='ltr'>discedat</span> <span class='ocrx_word' id='word_1_404' title='bbox 1026 3947 1176 4023; x_wconf 87' lang='lat' dir='ltr'>illorum</span> <span class='ocrx_word' id='word_1_405' title='bbox 1197 3943 1402 4024; x_wconf 82' lang='lat' dir='ltr'>memoria?</span> <span class='ocrx_word' id='word_1_406' title='bbox 1439 3948 1488 4020; x_wconf 88' lang='lat' dir='ltr'>ita</span> <span class='ocrx_word' id='word_1_407' title='bbox 1510 3967 1603 4048; x_wconf 82' lang='lat' dir='ltr'>ergo</span> <span class='ocrx_word' id='word_1_408' title='bbox 1624 3940 1740 4018; x_wconf 84' lang='lat' dir='ltr'>existi·</span> 
     </span>
    </p>

    <p class='ocr_par' dir='ltr' id='par_1_26' title="bbox 82 4039 1917 4161">
     <span class='ocr_line' id='line_1_38' title="bbox 82 4039 1917 4161; baseline -0.005 -35"><span class='ocrx_word' id='word_1_409' title='bbox 82 4073 160 4130; x_wconf 86' lang='lat' dir='ltr'>mea</span> <span class='ocrx_word' id='word_1_410' title='bbox 185 4075 235 4128; x_wconf 88' lang='lat' dir='ltr'>ve</span> <span class='ocrx_word' id='word_1_411' title='bbox 271 4051 273 4056; x_wconf 78' lang='grc'><em>’</em></span> <span class='ocrx_word' id='word_1_412' title='bbox 307 4073 406 4151; x_wconf 82' lang='lat' dir='ltr'>,me</span> <span class='ocrx_word' id='word_1_413' title='bbox 430 4072 557 4154; x_wconf 87' lang='lat' dir='ltr'>petere</span> <span class='ocrx_word' id='word_1_414' title='bbox 581 4075 715 4128; x_wconf 87' lang='lat' dir='ltr'>munus</span> <span class='ocrx_word' id='word_1_415' title='bbox 736 4049 884 4126; x_wconf 89' lang='lat' dir='ltr'>sacrum.</span> <span class='ocrx_word' id='word_1_416' title='bbox 963 4045 1188 4154; x_wconf 81' lang='lat' dir='ltr'>Qanquam</span> <span class='ocrx_word' id='word_1_417' title='bbox 1211 4050 1310 4123; x_wconf 89' lang='lat' dir='ltr'>enim</span> <span class='ocrx_word' id='word_1_418' title='bbox 1330 4046 1546 4161; x_wconf 82' lang='lat' dir='ltr'>Agapetum</span> <span class='ocrx_word' id='word_1_419' title='bbox 1571 4039 1739 4120; x_wconf 86' lang='lat' dir='ltr'>nostrum</span> <span class='ocrx_word' id='word_1_420' title='bbox 1895 4110 1917 4142; x_wconf 19' lang='grc' dir='ltr'>,ι</span> 
     </span>
    </p>

    <p class='ocr_par' dir='ltr' id='par_1_27' title="bbox 83 4140 1899 4254">
     <span class='ocr_line' id='line_1_39' title="bbox 83 4140 1899 4254; baseline -0.003 -30"><span class='ocrx_word' id='word_1_421' title='bbox 83 4153 199 4230; x_wconf 86' lang='lat' dir='ltr'>virnra</span> <span class='ocrx_word' id='word_1_422' title='bbox 221 4149 285 4232; x_wconf 83' lang='lat' dir='ltr'>sua</span> <span class='ocrx_word' id='word_1_423' title='bbox 308 4151 555 4254; x_wconf 87' lang='lat' dir='ltr'>commendat,</span> <span class='ocrx_word' id='word_1_424' title='bbox 581 4151 622 4229; x_wconf 79' lang='lat' dir='ltr'>dt</span> <span class='ocrx_word' id='word_1_425' title='bbox 641 4150 777 4227; x_wconf 82' lang='lat' dir='ltr'>divinae</span> <span class='ocrx_word' id='word_1_426' title='bbox 802 4151 1045 4248; x_wconf 76' lang='lat' dir='ltr'>humanaeque</span> <span class='ocrx_word' id='word_1_427' title='bbox 1068 4146 1224 4224; x_wconf 85' lang='lat' dir='ltr'>scientiae</span> <span class='ocrx_word' id='word_1_428' title='bbox 1279 4227 1284 4236; x_wconf 72' lang='grc'>,</span> <span class='ocrx_word' id='word_1_429' title='bbox 1323 4148 1414 4250; x_wconf 83' lang='lat' dir='ltr'>nitro</span> <span class='ocrx_word' id='word_1_430' title='bbox 1439 4140 1675 4248; x_wconf 76' lang='lat' dir='ltr'>profundior,</span> <span class='ocrx_word' id='word_1_431' title='bbox 1691 4163 1740 4220; x_wconf 90' lang='lat' dir='ltr'>ta·</span> <span class='ocrx_word' id='word_1_432' title='bbox 1895 4185 1899 4199; x_wconf 82' lang='lat'><em>.</em></span> 
     </span>
    </p>

    <p class='ocr_par' dir='ltr' id='par_1_28' title="bbox 83 4173 1740 4354">
     <span class='ocr_line' id='line_1_40' title="bbox 83 4173 1740 4354; baseline -0.007 -23"><span class='ocrx_word' id='word_1_433' title='bbox 83 4273 181 4354; x_wconf 88' lang='lat' dir='ltr'>men,</span> <span class='ocrx_word' id='word_1_434' title='bbox 234 4250 306 4330; x_wconf 80' lang='lat' dir='ltr'>uasa</span> <span class='ocrx_word' id='word_1_435' title='bbox 332 4251 412 4328; x_wconf 79' lang='lat' dir='ltr'>haec</span> <span class='ocrx_word' id='word_1_436' title='bbox 438 4255 586 4329; x_wconf 81' lang='lat' dir='ltr'>nonita</span> <span class='ocrx_word' id='word_1_437' title='bbox 610 4249 720 4330; x_wconf 82' lang='lat' dir='ltr'>essent</span> <span class='ocrx_word' id='word_1_438' title='bbox 747 4277 835 4329; x_wconf 87' lang='lat' dir='ltr'>meo</span> <span class='ocrx_word' id='word_1_439' title='bbox 889 4247 1088 4327; x_wconf 83' lang='lat' dir='ltr'>otiisrmum</span> <span class='ocrx_word' id='word_1_440' title='bbox 1111 4173 1370 4350; x_wconf 55' lang='lat' dir='ltr'>impuiffioc</span> <span class='ocrx_word' id='word_1_441' title='bbox 1394 4269 1440 4322; x_wconf 92' lang='lat' dir='ltr'>ne</span> <span class='ocrx_word' id='word_1_442' title='bbox 1469 4246 1588 4322; x_wconf 85' lang='lat' dir='ltr'>otium</span> <span class='ocrx_word' id='word_1_443' title='bbox 1609 4267 1740 4347; x_wconf 83' lang='lat' dir='ltr'>geren·</span> 
     </span>
    </p>

    <p class='ocr_par' dir='ltr' id='par_1_29' title="bbox 83 4269 1741 4516">
     <span class='ocr_line' id='line_1_41' title="bbox 83 4269 1741 4516; baseline -0.003 -92"><span class='ocrx_word' id='word_1_444' title='bbox 83 4347 171 4431; x_wconf 90' lang='lat' dir='ltr'>dum</span> <span class='ocrx_word' id='word_1_445' title='bbox 211 4348 271 4428; x_wconf 91' lang='lat' dir='ltr'>usc</span> <span class='ocrx_word' id='word_1_446' title='bbox 323 4354 352 4446; x_wconf 83' lang='lat'>‘3</span> <span class='ocrx_word' id='word_1_447' title='bbox 376 4372 418 4427; x_wconf 89' lang='lat' dir='ltr'>ut</span> <span class='ocrx_word' id='word_1_448' title='bbox 442 4351 468 4426; x_wconf 87' lang='lat' dir='ltr'><strong>fi</strong></span> <span class='ocrx_word' id='word_1_449' title='bbox 493 4349 638 4429; x_wconf 84' lang='lat' dir='ltr'>fortasse</span> <span class='ocrx_word' id='word_1_450' title='bbox 659 4312 732 4454; x_wconf 63' lang='lat' dir='ltr'>ipss</span> <span class='ocrx_word' id='word_1_451' title='bbox 742 4377 820 4430; x_wconf 93' lang='lat' dir='ltr'>non</span> <span class='ocrx_word' id='word_1_452' title='bbox 838 4273 900 4450; x_wconf 53' lang='lat' dir='ltr'>ed,</span> <span class='ocrx_word' id='word_1_453' title='bbox 919 4373 1037 4425; x_wconf 84' lang='lat' dir='ltr'>amca</span> <span class='ocrx_word' id='word_1_454' title='bbox 1049 4349 1310 4463; x_wconf 78' lang='lat' dir='ltr'>procuratione</span> <span class='ocrx_word' id='word_1_455' title='bbox 1325 4269 1473 4444; x_wconf 55' lang='lat' dir='ltr'>aliquod</span> <span class='ocrx_word' id='word_1_456' title='bbox 1489 4340 1598 4440; x_wconf 66' lang='lat' dir='ltr'>cause</span> <span class='ocrx_word' id='word_1_457' title='bbox 1612 4344 1741 4516; x_wconf 72' lang='lat' dir='ltr'>aquis·</span> 
     </span>
    </p>

    <p class='ocr_par' dir='ltr' id='par_1_30' title="bbox 85 4443 1806 4554">
     <span class='ocr_line' id='line_1_42' title="bbox 85 4443 1806 4554; baseline -0.003 -25"><span class='ocrx_word' id='word_1_458' title='bbox 85 4448 181 4528; x_wconf 80' lang='lat' dir='ltr'>stmae</span> <span class='ocrx_word' id='word_1_459' title='bbox 205 4477 267 4529; x_wconf 88' lang='lat' dir='ltr'>aec</span> <span class='ocrx_word' id='word_1_460' title='bbox 316 4473 353 4528; x_wconf 86' lang='lat' dir='ltr'>at</span> <span class='ocrx_word' id='word_1_461' title='bbox 376 4475 619 4530; x_wconf 91' lang='lat' dir='ltr'>momentum.</span> <span class='ocrx_word' id='word_1_462' title='bbox 704 4451 876 4530; x_wconf 83' lang='lat' dir='ltr'>Firmiter</span> <span class='ocrx_word' id='word_1_463' title='bbox 900 4453 1000 4528; x_wconf 89' lang='lat' dir='ltr'>enim</span> <span class='ocrx_word' id='word_1_464' title='bbox 1020 4447 1117 4526; x_wconf 79' lang='lat' dir='ltr'>mun</span> <span class='ocrx_word' id='word_1_465' title='bbox 1138 4445 1348 4550; x_wconf 89' lang='lat' dir='ltr'>persuadeo,</span> <span class='ocrx_word' id='word_1_466' title='bbox 1373 4443 1555 4519; x_wconf 85' lang='lat' dir='ltr'>habituras</span> <span class='ocrx_word' id='word_1_467' title='bbox 1578 4465 1650 4554; x_wconf 84' lang='lat' dir='ltr'>apa</span> <span class='ocrx_word' id='word_1_468' title='bbox 1702 4461 1740 4518; x_wconf 86' lang='lat' dir='ltr'>te</span> <span class='ocrx_word' id='word_1_469' title='bbox 1800 4513 1806 4524; x_wconf 83' lang='lat'>.</span> 
     </span>
    </p>

    <p class='ocr_par' dir='ltr' id='par_1_31' title="bbox 84 4538 1740 4744">
     <span class='ocr_line' id='line_1_43' title="bbox 84 4538 1740 4659; baseline -0.007 -31"><span class='ocrx_word' id='word_1_470' title='bbox 84 4549 218 4655; x_wconf 76' lang='lat' dir='ltr'>aliquid</span> <span class='ocrx_word' id='word_1_471' title='bbox 229 4549 411 4658; x_wconf 74' lang='lat' dir='ltr'>ponderis</span> <span class='ocrx_word' id='word_1_472' title='bbox 427 4559 557 4659; x_wconf 78' lang='lat' dir='ltr'>preces</span> <span class='ocrx_word' id='word_1_473' title='bbox 570 4575 693 4636; x_wconf 81' lang='lat' dir='ltr'>meas:</span> <span class='ocrx_word' id='word_1_474' title='bbox 718 4562 928 4657; x_wconf 80' lang='lat' dir='ltr'>quenquam</span> <span class='ocrx_word' id='word_1_475' title='bbox 941 4571 1061 4634; x_wconf 85' lang='lat' dir='ltr'>ratum</span> <span class='ocrx_word' id='word_1_476' title='bbox 1074 4547 1301 4652; x_wconf 88' lang='lat' dir='ltr'>pensumque</span> <span class='ocrx_word' id='word_1_477' title='bbox 1315 4541 1540 4643; x_wconf 79' lang='lat' dir='ltr'>nibdhabes,</span> <span class='ocrx_word' id='word_1_478' title='bbox 1553 4543 1619 4622; x_wconf 81' lang='lat' dir='ltr'>nib</span> <span class='ocrx_word' id='word_1_479' title='bbox 1661 4538 1740 4618; x_wconf 92' lang='lat' dir='ltr'>uod</span> 
     </span>
     <span class='ocr_line' id='line_1_44' title="bbox 277 4667 1644 4744; baseline -0.004 -58"><span class='ocrx_word' id='word_1_480' title='bbox 277 4679 281 4686; x_wconf 86' lang='lat'>.</span> <span class='ocrx_word' id='word_1_481' title='bbox 1604 4667 1644 4744; x_wconf 70' lang='lat' dir='ltr'>,u</span> 
     </span>
    </p>
   </div>
   <div class='ocr_carea' id='block_1_7' title="bbox 0 0 1982 5236">
    <p class='ocr_par' dir='ltr' id='par_1_32' title="bbox 0 0 1982 5236">
     <span class='ocr_line' id='line_1_45' title="bbox 0 0 1982 5236; baseline 0 0"><span class='ocrx_word' id='word_1_482' title='bbox 0 0 1982 5236; x_wconf 95' lang='lat' dir='ltr'> </span> 
     </span>
    </p>
   </div>
  </div>
 </body>
</html>
