3894 5226
200 180 339 290 uss
403 191 408 239 z
804 169 974 296 raptu.
1000 176 1112 260 rerer.
1171 105 1338 262 ruoz
1468 189 1474 206 ¹
1547 219 1550 226 -
1641 159 1644 169 “

169 412 177 423 .
334 383 418 454 ,sit
441 336 591 430 Voilius
621 347 788 428 &suero
822 347 890 426 eil'e
915 348 1042 427 fucum
1067 371 1141 452 per
1168 371 1189 423 e
1219 343 1356 424 istobm
1385 348 1429 426 ab
1462 348 1585 450 aliquo
1617 349 1733 428 uelum
1752 351 1865 454 uspu-

241 479 321 636 ἓξ
321 479 461 632 'niis
471 451 662 626 lule
657 473 701 622 1¹¹¹
698 449 786 637 ill
806 471 1229 646 iibiiiii‘liiqtss
1231 447 1448 650 lllllll
1454 447 1799 628 diffidi?
1801 455 1866 626 ll

251 655 362 734 rliisle
395 607 580 727 Nasutalis
611 607 786 724 liistoriae
824 575 1026 726 edititlufftem
1065 669 1143 732 tant
1171 645 1287 724 doeio
1324 605 1443 724 seculo
1485 647 1654 763 dignam,
1691 645 1748 722 sed
1783 578 1824 724 ir?
1833 673 1866 726 te

243 755 380 838 *nebris
401 751 621 827 macularum
637 747 782 824 suarum
796 769 872 826 tarn
921 749 1090 826 ulchrum
1104 743 1216 850 Opus
1232 747 1294 825 diu
1314 743 1408 823 adeo
1424 739 1607 830 delituisse.
1655 747 1782 846 Neque
1798 751 1869 824 enin

93 853 99 860 ’
254 853 374 931 ullum
388 877 408 927 e
423 848 609 926 veteribus
624 845 850 930 Austoribus
865 775 933 927 effe
951 845 1077 947 credo,
1114 851 1179 944 qui
1208 845 1425 924 foedioribus
1444 844 1631 924 erroribus
1649 843 1743 922 bro
1792 849 1868 946 letus,

283 953 359 1028 ueis
374 975 451 1028 non
464 948 538 1026 sune
551 971 689 1051 magno
704 946 828 1024 labore
842 945 1020 1024 medicina
1034 947 1198 1022 adhiberi
1242 944 1349 1024 otest.
1379 946 1479 1021 Nec
1493 945 1702 1048 supperitea
1756 947 1804 1022 SS.
1818 947 1869 1022 Co

236 979 379 1131 :girum
396 1075 440 1125 co
471 1051 516 1146 ia,
562 1047 668 1124 uibus
685 1046 854 1148 supplere
867 1043 1113 1124 hosdefestus
1131 1069 1185 1148 po
1227 1069 1332 1122 mus:
1356 1069 1441 1120 nam
1456 1044 1507 1142 dt,
1520 1048 1585 1142 qui
1601 1041 1727 1122 adsum
1735 1043 1868 1160 Codices,

249 1149 418 1250 eorrupt'
448 1149 515 1226 uni
533 1073 626 1245 fiunt,
644 1142 753 1240 stJol
764 1146 947 1250 Scaligero
967 1144 1006 1221 δι
1019 1145 1157 1245 Tanaq.
1171 1144 1298 1250 'Fabro
1315 1141 1407 1221 fides
1417 1149 1515 1218 Prim.
1530 1148 1643 1246 Scal‘g.
1651 1165 1735 1246 pao.
1748 1145 1869 1222 adelett-

246 1249 423 1352 ptoribus
437 1271 521 1324 nem
553 1269 572 1320 e
597 1245 794 1322 Monachis
813 1247 1054 1344 utplurimum
1067 1241 1323 1344 Benediiiinis,
1345 1241 1615 1346 imperitillrmis
1628 1244 1871 1342 rerumharun,

248 1348 452 1450 depravati.
524 1271 590 1420 Psi
608 1365 729 1421 tamen
746 1342 881 1419 Codex
907 1367 1001 1424 unus
1021 1341 1129 1418 Plinii
1149 1365 1247 1421 norae
1267 1346 1420 1445 optimae
1442 1345 1481 1418 in
1498 1341 1725 1420 Bibliotheca
1748 1341 1871 1420 Gottor·

248 1446 376 1550 piensu
426 1445 570 1520 Primus
591 1439 821 1522 emendando
849 1443 968 1520 Plinio
989 1465 1117 1520 manus
1140 1441 1306 1518 admovit
1324 1441 1499 1520 Hermol.
1515 1427 1706 1541 Barbatus,
1721 1441 1873 1544 postusl-

168 1617 170 1622 .
242 1547 352 1651 gism.
374 1545 561 1642 Gelenius,
582 1541 619 1618 ἃ
634 1541 764 1618 Beatus
779 1541 987 1641 Rhenanus,
1012 1566 1209 1639 equorum
1228 1544 1324 1618 curis
1359 1537 1550 1640 aliquoties
1585 1539 1733 1619 -Busrleae
1766 1543 1871 1618 Plinius

247 1645 409 1747 prodiit:
434 1643 579 1718 Fordin.
597 1641 772 1738 Nunnez,
788 1639 848 1715 seu
860 1641 1023 1739 Nonius,
1042 1641 1239 1738 Plurimus,
1261 1640 1299 1717 ἃ
1322 1641 1449 1742 Steph.
1472 1641 1649 1740 Aquaeus,
1671 1640 1874 1720 Commenta·

152 1796 160 1804 -
242 1747 310 1820 riis
325 1745 363 1820 ἃ
382 1738 714 1830 Observationibus
729 1739 887 1814 Plinium
902 1739 1119 1816 illustrarunt
1146 1740 1203 1814 ille
1217 1739 1323 1816 MS&
1334 1740 1479 1817 duobus
1492 1739 1587 1817 risus.
1636 1737 1726 1818 Post
1740 1742 1814 1841 hos,
1833 1743 1873 1835 Ju-

243 1867 363 1919 couus
387 1841 664 1918 Dnrcrnnnus
689 1838 1021 1917 PliniumadMSS.
1045 1799 1204 1916 Codices
1227 1839 1472 1944 recognovit,
1494 1838 1638 1940 suisque
1665 1845 1762 1918 noris
1778 1867 1813 1918 ac
1828 1841 1875 1918 ob

241 1941 509 2018 servationibus
527 1936 739 2014 illustratum
753 1937 855 2014 dedit
867 1937 1041 2042 Lugduni
1058 1941 1096 2014 in
1112 1937 1178 2014 fol.
1197 1955 1299 2036 1587.
1325 1937 1387 2014 sed
1406 1963 1519 2037 quem
1540 1965 1620 2016 non
1639 1940 1735 2018 adeo
1752 1941 1875 2017 feliciter
1911 1955 1912 2050 l

242 2039 309 2116 suo
326 2041 450 2116 labore
462 2037 630 2114 funelum
647 2035 807 2138 Scaliger
827 2033 974 2112 testetur
993 2037 1103 2113 Prim.
1121 2037 1208 2114 Scali
1239 2063 1332 2114 eran.
1378 2047 1459 2124 .69.
1480 2038 1544 2114 ubi
1560 2043 1627 2116 ita:
1656 2043 1874 2143 Delccbampiu,
1911 2055 1912 2068 ¹

241 2149 296 2214 vir
312 2143 427 2242 alioqui
444 2137 515 2210 benc
529 2137 648 2221 dubius,
662 2137 798 2208 Plinium
815 2137 1038 2208 emendandum
1054 2135 1099 2211 (θ’
1114 2163 1194 2209 excu
1232 2140 1329 2210 ndum
1336 2065 1425 2236 ἕψε
1444 2147 1490 2209 ir:
1506 2139 1583 2238 ſsd,
1612 2166 1679 2242 qua
1700 2143 1739 2240 est
1757 2145 1870 2224 mauu

239 2249 344 2312 omitia
357 2248 495 2312 irruertct
508 2235 553 2311 εἴ
572 2254 771 2336 'corrumpere
797 2236 985 2406 polagus-i
995 2235 1212 2409 malaffre,
1226 2240 1257 2334 st
1267 2239 1331 2309 -hoc
1353 2161 1673 2316 {subamarum
1692 2265 1754 2317 non
1766 2243 1873 2324 arrides

163 2413 169 2420 ,
234 2339 343 2435 [latim
358 2348 517 2420 inmutat,
530 2337 646 2436 acfiupe
659 2335 882 2432 induerim(
922 2355 1016 2409 atem
1029 2333 1078 2409 fu'
1110 2335 1873 2438 eScaligerum,&'eudaciusqulaseileomnes

239 2433 492 2536 Dalechampii
510 2432 734 2531 conjeeiutus
763 2457 828 2509 nec
846 2433 932 2512 ullas
956 2436 1110 2518 omnino
1131 2455 1177 2510 ex
1200 2437 1243 2510 iis
1271 2434 1321 2516 sat
1341 2431 1474 2537 felices,
1493 2436 1576 2533 Joh.
1597 2437 1813 2517 Harduinus
1831 2442 1872 2538 ait,

196 2577 214 2586 -
237 2535 407 2634 adeoque
422 2559 499 2612 non
516 2534 705 2635 pauciores
725 2493 789 2608 libi
805 2559 856 2650 pu
886 2557 947 2610 nas
965 2559 1050 2609 cum
1068 2535 1143 2634 illo,
1164 2560 1274 2633 quam
1293 2561 1378 2612 cum
1394 2536 1689 2616 Amanuenstbus
1704 2561 1872 2642 corruptu-

235 2635 350 2737 ribus,
371 2631 609 2712 conferendas
630 2629 731 2708 fuilse
744 2558 891 2734 adjici&
914 2631 1047 2710 Recusa
1066 2631 1117 2713 est
1132 2633 1683 2739 editioDalechampiiFrancof.
1702 2645 1871 2730 1608.i118.

237 2733 339 2812 Cum
356 2730 671 2812 emendationibus
685 2730 840 2808 Salmasti
854 2733 989 2811 Plinius
1003 2733 1122 2836 Lugd.
1140 2733 1262 2812 Batav.
1282 2734 1381 2851 apud
1395 2735 1611 2835 Elzevirios,
1649 2739 1767 2820 tribus
1784 2744 1818 2818 in
1833 2764 1871 2816 12.

232 2835 363 2934 totuis,
381 2835 498 2910 editus
513 2839 576 2922 163
590 2857 615 2906 r.
658 2830 762 2908 Cum
776 2831 1162 2937 Variorum,Pintiani,
1178 2835 1418 2934 Gelenit,·&c.
1433 2833 1576 2936 suisque
1590 2844 1695 2920 notis
1711 2865 1793 2920 eum
1805 2866 1871 2945 pto

231 2940 377 3010 curavit
391 2931 473 3026 Joh.
492 2932 525 3012 F
526 2925 593 3008 tid.
608 2931 828 3008 Gronovius
840 2929 959 3032 Lugd.
970 2931 1048 3010 Bar.
1073 2941 1172 3023 1669.
1189 2961 1221 3033 3.
1232 2935 1307 3012 vol.
1323 2937 1400 3024 in8.
1415 2935 1476 3014 sed
1496 2945 1763 3022 commentaria
1777 2943 1871 3024 tenu'u

231 3029 328 3129 sunt,
346 3031 384 3106 ἃ
403 3029 580 3105 lestorem
594 3027 780 3131 saepiffime
797 3028 1002 3106 destituunt.
1052 3033 1229 3134 (Interim,
1244 3060 1331 3134 quas
1347 3037 1567 3118 Gronovius
1588 3065 1701 3121 notas
1722 3046 1760 3122 in
1779 3045 1869 3120 libros

231 3128 455 3304 posteriores
470 3129 587 3228 Plinii,
603 3129 690 3204 inde
706 3152 726 3204 a
740 3125 915 3206 vicefimo
930 3131 1108 3230 incipiens
1122 3157 1218 3210 anno
1247 3150 1350 3230 1648.
1365 3137 1536 3240 ediderat,
1553 3147 1646 3220 tanti
1666 3143 1870 3242 Hatduinus,

263 3227 515 3327 audquaquam
531 3227 714 3331 prodigus
728 3229 883 3304 aliorum
898 3229 1145 3332 encomiastes,
1166 3233 1328 3337 aestimat,
1341 3235 1464 3316 orfitus
1477 3240 1756 3322 observationes
1769 3247 1829 3321 illis
1840 3242 1868 3318 l·

189 3343 192 3350 ’
232 3329 339 3405 miles
355 3327 537 3404 universas
561 3329 692 3430 optet.)
745 3327 855 3405 Extat
868 3329 907 3405 dt
925 3329 995 3424 Juc.
1012 3331 1171 3408 Milichii
1184 3333 1481 3415 Commentarius
1496 3342 1536 3416 in
1548 3343 1869 3423 fibrumsecmdun

169 3434 171 3440 “
228 3425 338 3506 Plinii
366 3430 410 3503 Li
439 3427 496 3503 liae
513 3427 631 3504 editus
645 3426 744 3528 apud
758 3429 1013 3534 Voegeiinum:
1048 3429 1251 3514 sedilleres
1266 3439 1390 3537 potius
1403 3437 1495 3540 ipsas
1511 3425 1638 3522 rrai'iat
1688 3469 1797 3546 quarn
1810 3445 1866 3522 seu·

103 3582 119 3613 .
228 3525 308 3606 sum
324 3488 384 3602 Ᾰυ
424 3531 497 3603 oris
515 3526 716 3642 investigat.
768 3525 872 3642 (Sunt
888 3550 1061 3630 praterea
1076 3530 1115 3609 lo
1170 3536 1370 3638 eplurimi,
1396 3541 1472 3637 qui
1492 3565 1563 3642 per
1581 3503 1709 3644 par’tes
1730 3545 1866 3622 Plinium

226 3624 457 3743 illustrarunt,
477 3626 594 3742 modo
611 3625 745 3702 librum
766 3646 963 3730 rnregrum,
984 3628 1102 3745 modo
1116 3557 1199 3710 fibri
1209 3636 1431 3738 particulam,
1448 3661 1508 3718 aut
1517 3639 1661 3744 Operis
1676 3647 1788 3724 totius
1797 3668 1865 3749 pro
1910 3613 1911 3690 Ῑ

225 3724 357 3830 logum
389 3725 454 3802 subi
479 3723 734 3827 explicandum
747 3725 938 3827 sumentes,
954 3754 1115 3827 quorum
1134 3735 1321 3840 integrum
1343 3735 1564 3842 Catalogum
1594 3741 1808 3822 Harduinus
1824 3767 1863 3819 re·
1910 3707 1911 3763 Ν

220 3786 373 3933 censeri
421 3825 584 3928 lnfignes
597 3826 635 3900 in
657 3825 813 3940 Plinium
821 3827 969 3906 labores
984 3831 1265 3936 elucubraverat,
1289 3837 1328 3914 ἃ
1348 3840 1450 3940 typis
1468 3833 1719 3946 mundaverat,
1757 3843 1863 3949 Augu·

164 3935 169 3945 '
222 3921 299 4002 sius
313 3925 463 4022 Valdus,
480 3923 539 4002 led
560 3927 623 4023 qui
645 3926 807 4028 maligno
822 3926 898 4004 faro
912 3953 931 4003 a
946 3930 1121 4010 militibus
1136 3931 1305 4038 discerpti
1326 3935 1408 4014 sunt
1428 3937 1467 4015 ἃ
1488 3938 1665 4024 incendio
1687 3943 1859 4042 consumti,

218 4024 401 4100 referente
415 4025 543 4126 Pierio·
554 4026 746 4102 Valeriano
768 4024 1028 4107 deinfelicitate
1043 4033 1231 4112 Literutor.
1244 4061 1329 4142 pag.
1345 4063 1403 4137 44
1416 4037 1559 4116 Locum
1579 4047 1670 4118 Toni
1684 4051 1711 4118 1.
1724 4047 1860 4143 nubilo

217 4124 378 4220 philiam,
394 4121 475 4198 llil.
489 4151 566 4212 aas.
589 4131 664 4216 §·25·
687 4123 940 4227 excerpsimus.
990 4129 1147 4224 Petrum
1172 4133 1410 4216 Ciacconium
1423 4159 1533 4218 ,notas
1553 4143 1594 4220 in
1617 4145 1778 4238 Plinium
1793 4144 1859 4218 scri·

213 4221 320 4334 plille
335 4221 480 4300 testatur
492 4223 603 4326 Sciop
633 4227 699 4323 ius,
714 4223 907 4326 eidemque
918 4231 1144 4310 consentiens
1158 4234 1233 4329 jan.
1242 4237 1327 4313 Nic.
1343 4237 1573 4342 Erythraeus,
1591 4241 1782 4322 Ciacconii
1791 4243 1857 4320 Mu·

80 4345 85 4352 ·
211 4344 338 4421 Jorum
352 4323 570 4425 Vigiliarum
660 4349 703 4401 us
727 4329 766 4402 in
794 4323 951 4404 Plinium
967 4431 970 4436 1
984 4351 1106 4408 extare
1128 4333 1249 4412 scribit
1268 4337 1488 4416 Pinscothl.
1501 4367 1588 4446 pag.
1600 4367 1686 4430 191.
1703 4342 1800 4446 quod
1816 4365 1855 4418 tu·

211 4440 301 4530 uss
320 4420 458 4538 aevu
474 4351 695 4538 saresb·
745 4425 932 4540 <Samara
948 4429 1477 4560 &dauravardos
1491 4439 1854 4618 dasbourg·

219 4597 222 4602 .
774 4601 782 4612 ,
1141 4572 1144 4578 ’
1756 4566 1801 4650 pe
1837 4581 1848 4596 ·
1909 4603 1910 4640 ,
