3970 5236
192 254 218 290 ·.
260 290 336 368 470
384 231 390 262 ¹
642 199 645 208 Ι
704 334 707 342 ,
757 273 763 280 ·
817 253 979 378 Roljrhist.
1004 255 1153 334 Literni.
1202 252 1278 334 Lii.
1295 250 1351 337 sl.

204 451 252 527 28
364 428 407 504 ln
426 423 764 505 Prailicishabitare
779 443 879 502 totus
892 423 1025 499 debet.¹
1083 421 1235 498 Moralis
1251 419 1486 525 philosophia
1499 423 1623 526 potius
1670 447 1709 503 ei·
1732 431 1914 532 exempla,

293 549 375 608 uam
389 526 526 604 subtilia
539 546 722 626 praecepta
744 521 954 600 inculcanda
968 518 1037 596 est:
1073 545 1157 596 nant
1192 522 1257 618 qui
1287 520 1388 597 illam
1402 521 1466 598 suli
1492 519 1619 600 castelli
1638 450 1756 626 ipecie
1779 551 1914 630 repra·

134 639 139 647 '
195 695 199 708 .
266 559 419 708 iintav'ir
445 629 555 724 inque
572 647 616 698 eo
628 624 851 698 munimenta
872 619 1011 722 singula
1037 621 1218 696 virtutum
1242 621 1393 698 nornine
1412 619 1578 723 signavit,
1599 625 1784 703 conuario
1805 629 1914 704 vitio·

267 753 352 806 rutn
366 687 507 808 caliello
519 741 745 823 oppugnata,
763 719 881 796 nescio
902 743 1013 817 quam
1031 717 1205 792 scenicam
1221 717 1399 806 doibrinoe
1412 717 1569 820 speciem
1583 717 1772 797 ostendere
1784 725 1916 824 voluit,

158 853 161 860 ’
268 851 351 925 quae
369 823 462 899 mihi
476 821 555 896 sane
569 817 720 920 probari
739 843 816 896 iton
837 815 965 919 potest.
1042 813 1220 890 Videatur
1248 815 1295 891 de
1324 821 1511 892 eaSorcllus
1528 817 1710 916 inscientia
1741 823 1916 921 Universae·

274 933 360 999 Toni.
373 952 406 1012 4.
425 942 489 1020 cap.
507 923 625 991 ultinm
706 919 750 994 ln
766 917 926 993 Politicis
943 917 1034 990 Loci
1047 913 1290 1014 Communes,
1303 919 1367 1013 qui
1385 915 1487 1019 apud
1507 913 1698 1018 historicos
1715 943 1916 1002 occurrunt

267 1021 486 1114 illustriores
502 1018 696 1116 qualesque
711 1013 1047 1092 notavit-Pastorius
1067 1035 1131 1114 cap.
1153 1037 1197 1098 15·
1251 1017 1400 1130 roponi,
1423 1015 1484 1090 vel
1504 1013 1550 1089 ad
1563 1019 1731 1092 exercitia
1743 1017 1916 1096 Rhetori-

268 1147 319 1219 ca,
332 1119 358 1196 sl
373 1143 418 1194 eo
432 1138 550 1214 usquc
564 1115 777 1192 descendere
795 1115 882 1190 uelit
900 1114 1087 1213 Princeps
1102 1111 1161 1184 vel
1174 1039 1406 1189 adiectiones
1420 1109 1576 1214 possunt.
1623 1115 1726 1190 Nam
1744 1139 1833 1192 exce
1883 1141 1916 1197 ta

206 1232 255 1307 29
268 1221 466 1297 minutiora
486 1215 648 1316 Principi
663 1239 741 1290 non
755 1213 1003 1290 conveniunt.x
1037 1219 1058 1260 *
1089 1207 1302 1288 Lesiionem
1317 1211 1525 1310 Po'e'tarum,
1550 1209 1808 1314 Comicorum,
1865 1245 1917 1294 ra·

266 1323 449 1424 giemum,
463 1315 726 1414 Satyricorum,
738 1312 858 1387 Princi
888 1313 1066 1408 i·quoque
1085 1307 1319 1384 commendat
1335 1308 1500 1402 Caselius.
1556 1309 1600 1386 ln
1614 1311 1672 1388 his
1693 1317 1782 1388 virae
1794 1321 1917 1396 omnis

167 1487 170 1496 .
266 1415 448 1494 eharasier
462 1413 512 1490 ob
530 1413 656 1488 oculos
672 1413 835 1513 ponitur,
854 1337 892 1485 di
915 1411 1059 1510 plenior
1074 1405 1242 1505 quaedam
1265 1407 1469 1485 velEthica
1488 1409 1547 1484 vel
1560 1409 1723 1509 Politice,
1742 1436 1852 1509 quarn
1879 1419 1917 1494 in

267 1514 473 1616 Chrysippi
487 1513 525 1590 de
539 1510 728 1588 Crantoris
744 1512 956 1611 praeceptis,
966 1510 1185 1584 continetur.
1259 1505 1444 1607 Corporis
1465 1508 1644 1605 exercitia,
1690 1511 1808 1586 uland
1837 1539 1917 1591 rem

132 1661 135 1669 .
201 1617 457 1708 goliterariam
475 1623 552 1687 non
567 1613 763 1710 pertinent,
777 1610 966 1684 mittimus.
1017 1607 1078 1680 llla
1097 1603 1667 1706 nonsegniterPrincipitraiian
1713 1665 1722 1681 .
1772 1617 1792 1662 '⁴
1862 1640 1916 1688 11ae

264 1714 311 1790 ad
326 1712 576 1812 Theologiam
597 1710 793 1809 pertinent,
816 1708 863 1782 ita
888 1705 967 1780 sunt
987 1703 1193 1780 exhibenda
1229 1723 1281 1800 ut,
1305 1725 1481 1801 quantum
1507 1701 1666 1782 111113313-
1683 1705 1730 1780 ad
1758 1707 1916 1811 salutem,

229 1835 237 1844 ·
264 1812 380 1887 sidem
398 1835 438 1884 ac
453 1809 596 1882 civilem
610 1805 850 1882 diresiionem
868 1802 924 1902 lit,
941 1805 1048 1878 norit.
1124 1762 1238 1876 Reda
1270 1805 1369 1876 enim
1383 1801 1558 1880 Caselius:
1583 1824 1621 1875 ut
1640 1808 1794 1905 exquisiti
1808 1814 1916 1909 lingua

263 1920 349 1983 ratio
364 1911 409 1982 ad
425 1914 684 1989 Grammaticum,
703 1923 739 1978 ut
759 1902 858 2001 Causa
867 1901 1011 2000 forenses
1027 1903 1072 1976 ad
1086 1897 1377 1998 Juia'scoifiiltum:
1400 1909 1448 1972 ita
1464 1929 1531 2004 qaia
1556 1909 1589 1973 in
1603 1905 1732 2000 Ecclesia
1750 1931 1916 1982 movmtitr

200 2024 250 2097 31
264 2009 304 2084 de
318 2011 473 2108 religione,
491 2005 536 2076 ad
546 2005 674 2102 Collegia
691 2004 895 2078 Sacerdotium
908 2001 1074 2094 reserenda
1082 1997 1170 2094 fiant.
1222 2002 1238 2036 ⁸
1263 1995 1435 2097 Denique
1450 2001 1489 2076 iti
1500 2021 1558 2076 tot
1579 2002 1667 2076 viris
1684 2001 1817 2102 ι(106113,
1826 2033 1916 2104 quo·

237 2111 241 2118 '
264 2132 349 2186 tum
363 2103 549 2180 consortio
565 2125 637 2201 pro
656 2099 771 2174 lubini
786 2101 839 2174 uti
884 2096 986 2192 otest,
1002 2096 1160 2171 scientias
1175 2098 1280 2172 vivas
1305 2095 1414 2173 habet
1430 2091 1614 2200 Princeps.
1694 2099 1851 2192 Horum
1871 2130 1917 2183 ex

185 2291 189 2296 ,
263 2197 541 2282 conversatione
555 2201 652 2300 plus,
663 2221 773 2296 quam
791 2124 1083 2291 maiialediione,
1098 2193 1251 2269 discitur.
1324 2196 1419 2271 Non
1467 2220 1569 2272 arum
1596 2199 1705 2272 etiam
1729 2201 1918 2301 hocjuua·

263 2301 373 2402 bit,li
391 2299 554 2402 ejusdem
569 2295 763 2397 disciplinae
781 2295 899 2372 socios
920 2291 1126 2370 excellentis
1139 2293 1279 2396 ingenii
1290 2317 1427 2396 pueros
1440 2221 1584 2396 iiabeat,
1606 2320 1769 2395 quorum
1798 2325 1917 2380 exem·

265 2404 335 2504 plo
348 2403 406 2478 ille
420 2400 599 2498 incitetur,
612 2421 653 2476 ae
668 2392 772 2474 srutil
796 2391 987 2504 erudiatur.

201 2589 273 2692 3'2'
367 2555 677 2715 Multapraeterea
697 2589 927 2694 Principibus
943 2585 1094 2673 subsidia
1113 2590 1259 2670 suntad
1281 2592 1441 2672 scientias
1463 2575 1503 2674 di
1530 2595 1646 2676 bonas
1667 2615 1776 2698 artes,
1798 2595 1913 2712 niodo
1972 2573 1973 2580 .

207 2800 217 2822 .
264 2697 335 2877 ppsi
354 2701 568 2814 intelligant,
584 2695 622 2774 dr
635 2693 769 2868 ⁰ffib⁰⁵
782 2691 850 2768 suis
869 2716 995 2794 parare
1010 2691 1075 2767 libi
1091 2691 1204 2806 longe
1223 2695 1394 2770 meliores
1421 2694 1609 2812 thesauros·
1628 2722 1709 2789 non
1737 2717 1913 2774 omittant.

200 2913 251 2988 aa
266 2797 696 3000 ..ditissima
709 2791 1914 3004 lliiltlilltilliiil‘illlld.misistis&

266 3002 379 3096 nique
396 2992 589 3071 commodi
603 2991 745 3090 capient
766 3012 787 3063 e
808 2987 1054 3086 Bibliotheca,
1080 3011 1193 3085 quam
1209 2987 1375 3090 sapientis
1393 2994 1465 3068 viti
1483 2895 1822 3071 consilioidornare
1834 2991 1913 3096 pos·

266 3099 349 3174 sunt
365 3084 695 3170 instrusiissimam?
735 3087 796 3162 hic
817 3087 910 3162 lntra
933 3085 1097 3162 museum
1109 3083 1214 3161 suum
1229 3091 1469 3192 compingere
1489 3091 1639 3193 possunt
1649 3117 1801 3168 omnem
1816 3093 1913 3169 orbis
1970 3161 1971 3168 ,

267 3194 489 3290 dosirinam,
503 3190 542 3266 dt
559 3184 810 3292 quidsingulis
826 3182 948 3261 seculis
965 3187 1002 3260 in
1015 3185 1126 3261 literis
1153 3186 1396 3284 omnibusque
1418 3186 1612 3292 disciplinis
1637 3187 1841 3292 praestimm
1855 3189 1911 3292 sit,
1970 3247 1971 3291 ,

264 3288 539 3464 recopposcere.
592 3287 754 3458 Qiper
767 3283 846 3359 haee'
861 3279 1017 3358 subsellia
1033 3283 1242 3384 Principem
1262 3284 1545 3367 circumduxerit
1571 3287 1752 3393 magister,
1771 3291 1854 3406 plus
1877 3291 1912 3366 il·

167 3399 172 3422 '
265 3393 344 3467 lum
390 3391 469 3462 tevi
481 3410 651 3488 tempore

269 3585 374 3685 quod
389 3585 428 3662 &
445 3584 622 3660 brevitate
640 3581 699 3656 sua
710 3579 916 3694 placere-dt
930 3577 1088 3656 vastitate
1109 3576 1264 3656 saimrare
1285 3605 1334 3694 pe

705 3385 856 3480 ocuerit,
872 3407 981 3494 quarn
999 3382 1122 3458 multis
1145 3383 1246 3458 arinis
1268 3383 1525 3480 equotidianis
1550 3413 1680 3491 capere
1702 3387 1912 3468 leibonibus
1969 3443 1970 3450 κ

266 3487 388 3592 pollii.
438 3487 581 3572 Verum
595 3485 634 3558 in
649 3483 717 3558 illis
731 3479 792 3579 est,
810 3477 860 3579 δι,
875 3483 900 3554 li
921 3483 1001 3580 quis
1017 3479 1116 3556 reiis
1130 3481 1185 3555 uti
1199 3485 1347 3557 noverit
1371 3483 1622 3583 amplissimum
1640 3487 1911 3590 compendium,
1969 3511 1970 3580 t

1336 3541 1413 3656 dus
1438 3583 1557 3684 pollii.
1631 3584 1745 3666 Reae
1764 3585 1913 3662 Scheffe·

270 3710 334 3764 rus
347 3689 385 3760 in
398 3683 520 3760 libello
535 3681 583 3758 de
595 3677 858 3756 Informatione
873 3676 1023 3754 Nobilis
1041 3703 1078 3779 p.
1098 3700 1155 3776 24.
1205 3682 1304 3764 Scire,
1321 3677 1449 3776 mquit‚
1463 3685 1703 3856 mancipati
1719 3681 1910 3771 debeancuni
1968 3705 1969 3718 ¹

268 3782 491 3888 inpuirandmn
503 3782 552 3877 ch,
569 3785 694 3880 ejusque
708 3787 791 3850 ratio
805 3776 1025 3880 perspicimda,
1045 3777 1084 3874 esi
1103 3799 1180 3878 pene
1200 3777 1363 3888 dimidium
1388 3781 1478 3880 r'pſsus

270 3881 380 3983 quain
397 3879 591 3956 dimidium
605 3879 643 3954 di
660 3899 780 3954 totum
800 3899 873 3978 ego
889 3873 1062 3951 dixerim:
1089 3899 1175 3951 nam
1188 3899 1272 3952 cum
1285 3875 1461 3956 felicitatis
1478 3882 1552 3980 ejus
1567 3883 1764 3984 participes
1779 3907 1799 3958 e
1826 3907 1911 3958 ene·

268 4002 404 4162 gueint
420 3977 596 4056 tenuioris
611 3975 832 4053 conditionis
852 3973 1035 4072 homines,
1054 3975 1134 4072 illis,
1151 3999 1232 4071 quae
1246 3999 1266 4048 a
1280 3971 1457 4078 magistris
1472 3977 1642 4078 didicere,
1665 3985 1826 4058 contenti
1846 3977 1910 4056 else

1530 3784 1640 3882 ''r'sfie
1712 3784 1797 3860 lino
1849 3785 1911 3884 lus,
1968 3829 1969 3854 t

295 4081 416 4179 ebent,
430 4079 467 4154 dt
481 4079 532 4175 hi,
547 4065 612 4174 qiu
624 4070 934 4152 Bibliothecarum
948 4071 1070 4158 fontes
1090 4074 1189 4148 adire
1210 4069 1371 4174 possunt,
1388 4077 1434 4154 ab
1455 4075 1540 4180 iplis
1565 4077 1822 4183 magistrorum
1840 4102 1910 4178 mag
1967 4077 1968 4094 ¹

94 4193 97 4202 ’
207 4177 389 4286 gistris
410 4177 578 4256 omnium
590 4173 793 4253 seculorum
811 4169 1032 4272 disciplinam
1047 4170 1194 4257 haurne
1214 4169 1371 4277 poliunt.
1476 4247 1486 4256 .

208 4384 257 4465 34
371 4377 485 4492 Qie
498 4375 700 4488 Nobilium¹
708 4370 838 4448 ordine
849 4371 962 4486 literis
978 4333 1244 4487 operamjdant,
1258 4361 1436 4472 siquidem
1449 4395 1497 4451 eie
1518 4315 1587 4454 illis¹
1601 4351 1637 4454 se
1652 4373 1908 4456 commendare

265 4473 722 4584 praeinditam-velint,
736 4471 828 4551 altra
840 4471 1669 4580 privatorumdiligeuuamprocederedebent.
1721 4477 1796 4560 Edi
1811 4479 1906 4590 enin

1866 4599 1903 4654 ui
