3966 5240
525 316 625 420 ,Cap
646 309 748 398 XIX.
775 317 830 397 De
848 313 1026 397 ‘Wtumm
1050 315 1293 424 Scriptorum.
1357 335 1371 350 ⁸
1659 344 1732 417 219
1883 320 1889 348 '
1952 347 1953 354 ‘

89 485 279 592 πραγμαέο
308 487 409 569 aeae
430 481 508 588 esse,
520 488 585 586 qui
597 485 699 564 esum
721 509 845 566 terum
868 509 1045 594 magnum
1070 489 1215 592 habent,
1238 492 1302 590 qui
1329 509 1375 566 ue
1396 487 1593 592 φιλοᾶοφέἱν
1607 519 1747 600 atqup·

89 597 235 706 punicis
288 590 483 706 idicemnt3
517 613 589 704 qua
610 585 656 664 de
676 613 720 664 -te
744 611 817 708 tam
839 591 952 694 multa
976 592 1147 708 praecipit
1165 594 1204 665 in
1220 516 1435 693 praelqatione
1458 592 1516 668 lita
1535 595 1724 696 Polybius,

88 715 247 866 {1³¹2qu
255 691 348 865 bt
366 685 1726 895 {peseleddulssbibltlssspedeltslstgdnsfflld

87 889 167 987 quid
192 913 241 964 ex
261 885 326 962 usu
349 887 517 992 ptaesenti
540 885 594 985 stt,
620 883 826 988 ostendunt,
878 888 1002 987 iosque
1025 887 1135 964 officii
1159 888 1211 963 sui
1233 888 1442 966 admonent.
1464 889 1639 968 Praeclare
1650 893 1723 970 Bo-

87 989 192 1065 clerus
212 998 247 1059 in
271 993 480 1061 Gommmrar.
505 989 551 1059 ad
572 989 690 1058 anzei
717 991 864 1092 Nepotem
889 987 1053 1064 medium
1076 987 1164 1062 illud
1184 991 1255 1084 iter
1281 1009 1404 1087 vooat,
1464 1015 1514 1065 uo
1536 993 1631 1067 inter
1655 1017 1723 1095 po-

85 1091 287 1165 tentiorum·
306 1088 528 1162 ambitiones
536 1084 656 1190 media
679 1086 762 1162 licet
787 1090 846 1163 via
870 1105 939 1187 pet
967 1109 1047 1190 ere,
1087 1109 1155 1161 nec
1175 1088 1326 1190 abrupta
1350 1111 1419 1190 pet
1438 1013 1649 1166 suavitatem
1671 1095 1724 1171 in·

86 1186 252 1288 cellendi,
275 1211 347 1286 qua
367 1182 574 1262 accenditur
599 1184 814 1261 dominandi
839 1189 923 1288 cupi
951 1211 996 1281 03
1030 1213 1098 1265 nec
1116 1183 1249 1262 declivi
1267 1213 1336 1290 per
1356 1187 1601 1265 adulationem
1626 1189 1664 1266 dt
1681 1189 1723 1268 st·

81 1289 237 1386 lentium,
264 1310 341 1386 quo
366 1285 470 1387 Relp.
490 1283 647 1361 studium
663 1286 879 1390 negligitur:
906 1283 1012 1372 Obm'c,
1037 1289 1166 1384 inquit,
1189 1313 1313 1360 mnam
1328 1289 1547 1388 stualitudina,
1571 1289 1648 1362 aaa
1670 1293 1725 1364 alr:

82 1411 112 1459 os
132 1391 247 1488 agua,
263 1385 322 1486 fibi
343 1403 516 1457 ocmrrm
537 1385 599 1484 ipſs,
623 1382 667 1460 ὅ
689 1393 722 1455 in
747 1384 875 1484 censura
898 1407 1099 1472 exterorum,
1126 1413 1181 1458 nec
1206 1397 1379 1488 optumates,
1396 1385 1458 1487 fita
1472 1388 1615 1484 judam·
1628 1392 1725 1484 fads

80 1489 268 1588 buedigmt:
291 1512 347 1558 nec
367 1484 506 1556 timenda
529 1483 765 1584 eflinedgnatio.
789 1487 905 1560 Vident
921 1495 1003 1557 enim
1024 1514 1102 1560 uera
1127 1495 1275 1585 natam,
1299 1515 1360 1559 nan
1381 1487 1449 1558 ludi
1461 1483 1648 1582 subsolarem
1671 1519 1723 1564 co·

81 1589 162 1659 ure:
194 1613 292 1690 neque
316 1585 385 1658 odio
407 1585 458 1655 bic
480 1585 586 1667 locus;
600 1582 707 1681 sciunt
730 1591 810 1655 cmm
836 1612 877 1657 ex
900 1586 993 1683 officio
1009 1587 1153 1684 Hssoea'ci
1162 1585 1246 1680 fieri,
1266 1589 1355 1688 quod
1372 1587 1545 1671 deminans:
1560 1584 1647 1686 fitius
1662 1611 1724 1690 pu.-
1798 1635 1805 1646 ·

82 1687 140 1760 dut
154 1686 297 1789 superest,
314 1679 358 1759 &⁴
382 1689 482 1755 tacita
505 1679 690 1779 conscicntia
714 1683 897 1770 admmtio,
928 1713 995 1786 qua
1019 1705 1057 1756 ut
1082 1709 1143 1757 non
1159 1681 1286 1786 semper
1309 1683 1347 1758 ab
1371 1695 1490 1786 incepto
1513 1707 1643 1760 reuocat
1666 1709 1724 1761 'au-

84 1785 631 1884 &daemonstrandum
739 1807 810 1853 uaen
836 1804 898 1857 tem
955 1805 998 1857 at.
1040 1783 1134 1859 Haec
1157 1783 1330 1878 Bbclerus
1350 1782 1447 1858 teste
1469 1782 1639 1882 quidem:
1661 1786 1724 1864 sed

82 1881 241 1961 incidunt
264 1883 452 1960 interdum
477 1805 761 1982 tempormi
783 1881 871 1981 huju
887 1879 991 1958 modi
1011 1881 1213 1959 institutum
1236 1883 1416 1986 Scriptoti
1440 1883 1568 1962 odium
1594 1884 1633 1960 dt
1658 1885 1723 1963 ob·

86 1981 329 2061 nestanonem
356 1983 394 2059 δι
412 1981 472 2057 vel
486 1981 638 2055 exitium
662 1981 768 2080 parit,
793 2002 834 2057 ut
858 1981 1008 2058 Tacitus
1030 1984 1068 2056 in
1093 1988 1168 2054 Vita
1189 1987 1337 2098 Apncolae
1362 2009 1389 2055 c.
1402 2009 1458 2058 aa
1482 1979 1726 2062 testatutScl

84 2083 162 2160 licet
183 2081 302 2159 schola
323 2081 490 2181 quaedam
516 2079 631 2155 civilis
655 2076 860 2182 prudentiae
883 2085 1109 2184 proponinu
1132 2084 1170 2156 in
1188 2105 1279 2180 ejus,
1303 2083 1404 2181 cujus
1428 2086 1541 2158 vitam
1559 2079 1724 2162 describi·

85 2205 173 2283 mus,
196 2185 390 2286 exemplo,
406 2202 448 2256 ut
471 2177 566 2256 nulla
587 2175 675 2256 dati·
688 2178 833 2279 plenior
857 2179 1068 2257 informatio
1093 2178 1244 2283 possm*
1270 2181 1376 2284 Qid
1400 2207 1478 2258 non
1504 2185 1542 2256 in
1566 2181 1642 2258 Vita
1665 2193 1724 2259 At»
1745 2204 1787 2268 ιι

84 2289 159 2381 rici,
179 2307 198 2358 a
220 2283 386 2385 Nepote
399 2278 464 2356 scri
495 2301 550 2377 ta,
581 2279 696 2356 civilis
720 2276 927 2380 prudentiae
948 2281 1077 2382 latitat,
1130 2285 1167 2356 ui
1190 2283 1354 2384 privatus
1373 2281 1522 2380 quidem
1547 2281 1635 2382 fuit,
1659 2283 1722 2360 sed

88 2385 234 2458 multum
257 2384 382 2484 potuit
404 2380 442 2454 in
456 2306 681 2480 depublica?
703 2402 780 2478 quo
804 2378 953 2455 consilio
972 2307 1172 2457 militisuo
1192 2379 1385 2483 diligenter
1407 2380 1585 2484 legendos
1602 2380 1724 2464 suadet

88 2481 263 2558 Naudoeus
286 2480 337 2556 lib.
362 2507 388 2555 a.
412 2481 451 2553 de
467 2480 569 2577 fludio
593 2481 734 2565 militari,
753 2501 785 2582 p.
794 2501 857 2565 510·
884 2503 948 2556 eos
971 2479 1041 2554 Bio
1072 2481 1218 2582 raphos,
1241 2481 1305 2576 qui
1328 2469 1476 2578 Ducum
1502 2481 1541 2558 dt
1566 2480 1725 2586 Impera-

90 2600 207 2658 torum
229 2581 447 2658 bellicorum
470 2577 562 2652 vitas
579 2575 719 2679 scriptis
735 2575 1002 2682 confignarunt.
1060 2603 1086 2654 x
1108 2581 1257 2682 Agricola
1282 2583 1366 2663 Vita,
1392 2604 1412 2654 a
1435 2579 1567 2658 Tacito
1581 2578 1723 2682 scripta,

88 2681 171 2778 quid
193 2707 269 2758 non
290 2679 400 2756 discat
423 2681 482 2755 vir.
504 2676 613 2752 rebus
636 2676 801 2752 civilibus
824 2678 883 2752 vel
907 2676 1040 2753 bellicis
1064 2677 1233 2756 admotus
1253 2704 1262 2749 τ
1293 2675 1340 2750 li
1368 2683 1474 2749 Vitam
1496 2684 1527 2748 A
1546 2686 1637 2778 n‘ppe
1664 2681 1725 2756 vel

87 2783 255 2855 mamea
278 2779 494 2856 haberemus
518 2775 563 2850 ab
586 2773 773 2851 Historico
798 2779 915 2851 veteri
938 2775 1205 2880 consignatam,
1229 2773 1450 2851 utilissimum
1476 2799 1495 2848 e
1524 2798 1561 2850 et
1583 2775 1629 2850 ad
1655 2774 1725 2852 stu-

85 2875 184 2954 dium
205 2881 329 2962 civile:
352 2905 449 2954 nuuc
474 2899 605 2952 eorum
629 2899 685 2950 tes
705 2872 819 2977 gestas
844 2873 930 2950 hinc
953 2874 1051 2950 illinc
1071 2873 1218 2976 sparsim
1241 2875 1469 2976 collegerunt
1489 2873 1663 2950 Bbcletus
1686 2875 1725 2958 in

84 2979 447 3058 commentationibus
470 2975 516 3051 de
541 2976 752 3078 Maecenate,
776 2975 815 3049 or
835 2975 1016 3078 Agrippa.
1041 2979 1080 3072 J.
1096 2973 1251 3072 Cesterem,
1264 2997 1377 3071 quem
1396 2973 1589 3050 Suetonius
1614 2971 1722 3052 nobis

83 3075 127 3150 in
149 3079 229 3154 Vin
249 3079 310 3157 sua
336 3074 525 3179 expressit,
556 3074 776 3150 Zevecotius
802 3073 958 3175 eleganti
981 3076 1248 3158 commentarIo
1272 3069 1478 3171 illustravit,
1510 3073 1549 3148 St
1572 3072 1723 3175 Stepha-
1864 3118 1868 3123 ·

83 3201 154 3253 nus
176 3176 389 3256 Ambrosius
401 3174 711 3276 Schiappalariain
726 3173 813 3250 Vita
824 3171 972 3248 Caesaris
993 3173 1245 3346 Italicalinpua
1263 3170 1404 3273 scripta,
1417 3171 1598 3275 Antverp.
1620 3187 1721 3268 1578.

84 3277 121 3350 in
144 3299 208 3375 4to
231 3277 325 3355 edita
375 3271 684 3378 pulcherrime&
709 3272 891 3348 uberrime
916 3269 979 3348 suo
1002 3272 1122 3347 seculo
1148 3295 1171 3348 o
1223 3271 1350 3347 oculos
1374 3268 1517 3372 posuit,
1540 3269 1642 3370 ,quid
1665 3273 1721 3371 ju·

85 3399 170 3453 vent
186 3402 246 3454 aut
267 3337 389 3454 obsmt
413 3378 452 3450 in
474 3372 630 3475 Republ.
657 3375 756 3448 cives
777 3394 947 3486 potentes
970 3371 1007 3447 ἃ
1030 3372 1248 3472 locupletes,
1275 3366 1513 3446 &obstinati
1613 3370 1722 3486 Qiot
1827 3463 1830 3468 1

85 3499 157 3550 nou
181 3478 356 3553 habetnm
380 3481 474 3552 inter
495 3474 714 3548 recentiores
739 3473 908 3546 Vrtarum
932 3471 1155 3571 Scriptores,
1179 3468 1277 3544 u'nde
1308 3468 1421 3544 multa
1448 3466 1534 3544 disci
1564 3468 1722 3550 Polittco

86 3573 256 3674 possunt?
279 3581 331 3649 Er
357 3583 432 3649 Vita
454 3573 626 3646 ortanae
650 3571 796 3655 Medica,
822 3593 932 3669 quam
957 3571 1069 3645 multa
1089 3567 1134 3644 ad
1159 3591 1216 3644 res
1238 3567 1394 3643 Gallicas
1416 3570 1631 3670 pertinentia
1651 3595 1722 3656 ,no-

87 3679 146 3749 tati
169 3672 353 3780 possunt?
401 3679 476 3747 Vita
507 3671 662 3772 Villaregu'
684 3696 710 3746 a·
727 3667 888 3746 Pallorio
914 3671 952 3744 in
973 3670 1136 3744 linouam
1159 3668 1323 3742 Latinam
1349 3665 1522 3744 conversa
1551 3666 1723 3745 Ministro
1827 3701 1830 3707 ⁴

89 3769 257 3878 Principis
281 3774 460 3878 proderit.
508 3769 621 3846 Multi
638 3769 718 3846 sunt
742 3771 837 3844 inter
862 3768 990 3844 Gallos
1015 3735 1237 3870 fiiographi,
1260 3765 1307 3840 de
1331 3767 1462 3866 qulbus
1485 3765 1661 3870 legendus
1684 3770 1722 3844 in

88 3869 306 3952 Bibliotheca
329 3873 469 3952 Gallica
488 3869 660 3954 Sorellus„
755 3869 847 3943 Sunt
877 3869 915 3944 ὅ(
941 3869 1177 3964 antiquorum
1203 3889 1223 3940 a
1246 3865 1507 3941 recentioribus
1533 3867 1617 3940 vitae
1641 3864 1722 3940 scri-
1749 3889 1752 3896 ·

85 3995 172 4072 prae:
194 3975 257 4072 qui
281 3997 328 4050 ex
356 3971 570 4076 fragmentis
598 3993 643 4046 co
692 3991 733 4044 us
767 3964 917 4066 aliquod
948 3963 1129 4061 historiae,
1161 3963 1222 4039 sed
1246 3965 1297 4038 im
1327 3962 1470 4038 erfestae
1502 3988 1549 4038 ne
1576 3987 1621 4062 ue
1643 3962 1723 4040 satis

85 4081 256 4149 connexae‘
293 4075 532 4149 concinnant:
557 4069 621 4166 qui
680 4067 836 4170 hilologi
864 4067 1014 4165 potius,
1073 4088 1155 4154 uam
1180 4065 1277 4138 veri-
1316 4064 1430 4137 olitici
1452 4061 1493 4138 bt
1565 4058 1721 4162 istorici,

83 4174 241 4274 partibus
256 4132 482 4275 ²funguntur.
509 4169 589 4272 Qi
613 4157 802 4266 Ciceronis
825 4161 1026 4240 Historiam
1046 4089 1278 4264 deripscmnt,
1302 4159 1504 4262 Corradus,
1528 4157 1727 4260 Fabricius,

82 4273 221 4372 aliique,
245 4271 293 4348 ad
317 4267 552 4372 intelligenda
575 4264 766 4341 Ciceronis
784 4261 922 4365 'scripta
950 4263 1077 4364 utilem
1109 4285 1260 4364 operam
1289 4259 1526 4337 instituerunt.
1574 4261 1591 4296 '²
1612 4257 1723 4345 Sunt,
1741 4297 1782 4368 13

81 4375 145 4473 qui
170 4370 238 4476 ipsi
258 4371 333 4450 suae
357 4371 445 4444 vitae
468 4365 667 4442 Historiam
691 4385 903 4442 texuerunt:
927 4386 1026 4461 nam,
1050 4363 1182 4437 Tacito
1204 4357 1306 4459 teste,
1328 4362 1368 4436 in
1390 4359 1477 4434 Vita
1500 4357 1625 4461 Agric.
1646 4383 1721 4460 cap.

86 4499 115 4550 1.
136 4471 235 4576 apud
247 4472 442 4548 Romanos
459 4469 598 4570 plerique
616 4464 709 4564 fitam
732 4465 786 4566 pfl
800 4471 900 4536 vitan
921 4487 1055 4536 nanae
1074 4460 1225 4558 fidenam
1237 4467 1345 4560 pocius
1369 4483 1502 4542 momen,
1538 4483 1611 4530 tram
1632 4473 1727 4530 aera-¹

76 4585 219 4676 garriam
242 4569 401 4648 arbim
414 4564 502 4667 ficut.
603 4569 667 4640 llcc
687 4563 727 4640 id
750 4566 870 4642 unua
894 4559 1087 4744 {paparo
1103 4568 1186 4635 cura
1203 4558 1302 4658 fidem
1318 4557 1369 4638 a&
1402 4555 1490 4633 olm
1519 4559 1726 4738 atiolnpopppp
