3986 5246
247 279 256 292 ·
329 255 410 357 cap.
430 247 495 338 xl.
522 248 563 330 de
577 249 854 363 libristyst'ca's
868 197 1130 364 secretint'lat,
1142 261 1312 366 precipue
1332 259 1515 350 Clemica'a.
1616 353 1619 360 ¹
1681 212 1781 346 tor!
1871 206 1913 240 Ἰ

6 419 7 424 ‘
94 417 234 535 scholiis
248 419 407 524 Synefii,
421 424 483 502 Pel
529 427 567 525 ii,
583 424 696 504 &Ste
724 425 809 504 hani
822 399 1089 536 Manuscriptis.
1140 432 1322 510 Gesnerus
1338 435 1375 510 in
1390 435 1485 515 ltalia
1497 433 1626 513 alicubi
1640 435 1749 518 latere
1869 473 1874 486 ¹

6 539 7 554 ¹
96 519 208 636 tradit.
263 529 285 570 ⁴*
305 521 371 598 Est
385 523 497 601 &Co
524 551 570 602 ex
584 452 897 642 Altenfiurgenlis,
915 555 1025 628 quem
1054 531 1214 610 illustriss.
1236 531 1322 608 Dux
1346 535 1531 636 Saxoniae,
1555 537 1747 631 ‘johannes
1769 547 1820 616 ¹9·

98 623 378 740 thhelmush.
394 649 442 700 m.
462 649 491 700 e.
510 624 606 702 Cod.
624 627 715 702 Btbl.
731 627 953 732 Augustanae
969 631 1054 727 secit
1068 633 1219 712 describi
1240 633 1353 711 Anno
1382 651 1480 734 τως.
1502 663 1614 736 quem
1641 636 1746 714 Tho

98 747 167 798 mas
183 721 373 820 Remelius
417 723 629 826 erluliravit,
653 727 785 828 suaque
803 753 913 805 manu
927 733 1154 834 emendavit,
1180 734 1304 818 mutila
1316 738 1354 809 in
1370 736 1437 814 illis
1458 739 1612 836 notavit,
1627 735 1747 814 addita
1866 743 1869 751 '

99 823 141 898 de
155 819 239 925 ipsts
253 751 461 942 Autonhus
482 823 743 940 dissertatione3
770 831 871 930 cujus
885 831 979 906 mihi
992 832 1036 908 ab
1054 837 1172 911 amico
1187 836 1294 936 copia
1307 831 1397 910 fatu
1415 835 1474 912 est.
1525 837 1641 918 lidem
1653 861 1745 936 quo·

95 949 161 1022 que
179 925 345 1002 Antores
362 927 400 1000 in
414 925 638 1004 Brbhotheca
651 928 931 1008 Vindobonenfi
944 935 1189 1036 reperiuntur,
1204 957 1295 1032 quos
1304 935 1458 1037 operose
1473 935 1632 1016 recenset
1642 938 1746 1014 Lam·

95 1023 568 1140 hecius,cammcnt.dehac
593 1027 850 1106 statuuat.
895 1053 958 1108 art.
971 1061 998 1107 a
1017 1057 1052 1138 p.
1073 1043 1141 1125 rat„
1155 1031 1201 1110 ‘ta'
1223 1033 1299 1150 sqq.
1338 1058 1423 1126 cum
1456 1037 1672 1136 quibusdam
1698 1060 1745 1116 ex

93 1129 352 1228 ns'excerptis.
402 1127 548 1246 Dignus
561 1129 620 1206 rlle
632 1053 895 1247 Criticis,·sedp
901 1153 1023 1210 tamen
1040 1138 1249 1242 argumenti
1269 1131 1366 1212 istius
1389 1163 1466 1214 non
1484 1140 1632 1310 ipnatis
1657 1133 1766 1240 'pro··
1893 1167 1895 1170 ·

95 1224 387 1302 resorberet
417 1229 618 1327 rnquotllt
700 1251 921 1310 enunetvos
936 1236 1125 1314 intendant
1140 1237 1274 1338 potius,
1299 1261 1409 1334 quam
1432 1242 1471 1314 in
1489 1239 1573 1314 aiis.
1623 1238 1742 1316 Tanta

93 1329 140 1402 rei
154 1325 354 1450 sublimitas
378 1289 610 1446 dignitasque
633 1255 763 1448 ἔξω
779 1359 857 1412 non
878 1329 1117 1435 superficiaria
1136 1361 1249 1440 opera
1271 1337 1517 1446 impendenda
1540 1335 1591 1413 stt.
1640 1337 1744 1420 Con·
1867 1423 1870 1430 ,

94 1425 232 1502 serendi
257 1427 318 1503 hrc
344 1427 454 1505 essent
480 1451 648 1510 ommum
672 1430 982 1512 Bibliothecarum
1007 1435 1184 1513 Codices:
1218 1463 1303 1513 nam
1334 1441 1448 1516 multa
1476 1442 1514 1516 in
1539 1433 1744 1518 autoribus
1871 1453 1874 1462 '

95 1527 157 1602 illis
174 1551 244 1629 per
259 1525 389 1604 dolum
406 1529 674 1632 suntmutuata,
688 1533 817 1612 vitiose
838 1534 1022 1638 descripta.
1072 1535 1211 1614 Desunt
1229 1539 1267 1612 in
1284 1536 1567 1644 Altenhurgensr
1589 1536 1743 1636 Codice,

94 1653 173 1725 quae
196 1627 246 1704 de
277 1629 475 1707 unionibus
499 1633 653 1734 magnis,
676 1657 696 1708 e
721 1635 870 1712 minutis
893 1634 1131 1736 conficiendi,
1155 1661 1202 1712 ex
1227 1635 1519 1728 Parisrensrcitat-
1545 1633 1743 1734 Salmasius,

95 1731 153 1828 qui
187 1727 229 1804 δι
260 1726 485 1832 vitiosissime
506 1730 611 1834 'saepe
642 1731 795 1836 scriptus
831 1734 1011 1810 medicam
1042 1733 1199 1813 Reinesti
1230 1762 1378 1814 manum
1408 1739 1580 1816 omnibus
1610 1739 1649 1813 in
1681 1761 1741 1837 pa·
1792 1769 1802 1788 ·

93 1831 185 1932 ginis
210 1827 336 1928 senfit,
355 1829 420 1906 etst
440 1859 521 1910 non
546 1858 632 1909 cum
654 1859 738 1910 cura
759 1835 810 1910 illi
834 1833 1025 1938 perlesius.
1100 1837 1153 1914 lta
1172 1835 1247 1940 ipse
1270 1839 1308 1914 in
1332 1839 1621 1942 praefatiuncula,
1646 1837 1741 1914 libro
1790 1871 1816 1940 χ
1874 1931 1877 1942 ¹

5 2031 6 2036 ψ
93 1929 1741 2162 ltsstl’fflsussilitvs‘itttzlsttl‘sltlsas

90 2135 384 2330 lmus
400 2135 542 2306 still:
558 2162 955 2334 „insulsas-'l
975 2139 1248 2313 ll‘ls‘si'tl
1276 2137 1745 2342 ''lgrs‘ttlffllllsts
1858 2185 1867 2330 ζ

90 2361 156 2436 qua
176 2345 270 2414 πῖνον
295 2335 430 2436 aliquem
455 2344 655 2437 antiquitatis
677 2337 837 2422 radolium
856 2325 932 2436 fiens
951 2333 997 2412 ss
1020 2348 1195 2442 ineptarum
1223 2262 1331 2434 instita
1361 2349 1482 2414 Gracia
1508 2339 1740 2440 magijlellarum
1878 2413 1883 2424 .

90 2438 209 2536 aliqu-at
228 2433 294 2534 fid
313 2461 380 2538 qua
404 2457 509 2507 tamen
532 2435 664 2523 abillis,
688 2445 745 2540 qui
766 2436 803 2536 sc
831 2439 1025 2534 Claymiatros
1055 2467 1112 2512 ceu
1142 2443 1210 2512 aliia
1235 2442 1362 2512 nursica
1392 2445 1492 2514 nratlto
1515 2441 1741 2542 prestantiores
1800 2475 1803 2484 Δ

86 2560 107 2606 a
161 2536 230 2606 sart·
251 2537 380 2628 vahan,
403 2531 448 2611 ss
471 2539 618 2634 esinatis
642 2541 793 2610 miracula
816 2548 1015 2629 curationum
1032 2533 1238 2641 praanittunt,
1254 2538 1324 2638 scil.
1371 2544 1436 2616 uad
1458 2570 1476 2614 a
1498 2566 1577 2614 vera
1598 2559 1680 2612 arte⁴
1695 2533 1739 2612 &¹

82 2556 182 2734 ὥ
205 2644 379 2709 cratitione
403 2643 468 2734 ajat
492 2638 648 2738 nonfimt
674 2639 833 2736 instrusst',
854 2665 917 2711 non
940 2637 1090 2712 debebant
1113 2649 1262 2742 sgnum.
1312 2570 1409 2716 *lk
1423 2639 1565 2743 scriptis
1593 2635 1665 2716 istis
1690 2639 1737 2712 ita
1751 2657 1804 2716 20

90 2735 218 2836 judicat
279 2732 442 2836 ernestus,
465 2739 629 2838 primum
663 2763 730 2840 pet
754 2739 896 2836 aliquos
920 2739 1123 2856 mopachos
1145 2740 1307 2836 aliosque
1332 2739 1497 2842 eruditos
1520 2742 1559 2814 in
1583 2737 1739 2814 Alexan·

89 2834 181 2935 dna,
206 2837 247 2912 ἃ
266 2837 354 2912 hinc
376 2841 413 2912 in
434 2834 771 2940 Constantinopoli,
803 2841 840 2912 in
862 2863 980 2913 unum
1001 2835 1190 2935 quoddam
1201 2834 1364 2936 Systemt
1377 2863 1447 2914 con
1478 2836 1546 2928 esta
1581 2834 1741 2950 undeitt
1862 2904 1864 2914 .

88 2935 222 3012 ltaliam
238 2937 278 3014 δι
292 2937 446 3012 Reoiam
464 2937 728 3014 Bibliothecam
746 2961 792 3014 eo
806 2952 977 3040 tempore
995 2940 1248 3040 pervenerint,
1269 2962 1346 3036 quo
1374 2863 1497 3014 exufes
1534 2897 1740 3012 Constanti·
1889 2985 1893 2992 -

92 3039 295 3138 nopolita'ni
310 3005 463 3114 initalia
478 3041 634 3140 recepti:
685 3026 874 3114 ubimulta
889 3038 954 3113 alia
984 3035 1157 3113 hastenus
1169 3039 1298 3212 ipnota
1312 3037 1358 3114 de
1377 3037 1519 3116 Graecis
1533 3035 1741 3113 Autoribus

120 3141 248 3214 timum
263 3136 488 3222 innotescere
502 3135 701 3216 Occidenri
713 3160 919 3240 creperum.
965 3137 1128 3223 Antores
1147 3139 1186 3239 ip
1202 3162 1227 3236 r,
1264 3127 1432 3214 Reinesro
1446 3139 1581 3240 judice,
1602 3138 1738 3238 partim
1807 3199 1810 3213 .

91 3161 248 3340 ssthnici,
272 3241 409 3341 partim
428 3234 624 3314 Christiani
646 3237 806 3338 fuerunt,
839 3239 903 3336 qui
934 3237 1092 3314 Athenis
1126 3241 1218 3314 citor
1247 3264 1384 3315 annum
1408 3233 1546 3314 Christi
1576 3263 1659 3328 4³0.
1698 3235 1736 3312 dt

88 3337 259 3443 deinceps
272 3341 446 3415 vixerunt
467 3337 718 3438 Alexandria,
743 3363 825 3436 quat
865 3335 1179 3440 Philosophorum
1216 3342 1339 3415 nutrix
1369 3365 1447 3440 prae
1472 3336 1557 3440 ipsis
1578 3335 1737 3450 Athenis

86 3439 164 3538 fuit,
188 3465 231 3516 ut
259 3439 487 3518 Camerarius
511 3441 549 3512 in
575 3439 650 3516 vita
676 3439 700 3513 S
731 3433 816 3514 nelli
838 3435 983 3540 probat.
1039 3440 1184 3543 Magno
1210 3439 1308 3515 enim
1332 3435 1450 3514 studio
1474 3439 1560 3514 huic
1583 3459 1650 3514 arn
1673 3433 1738 3510 sub
1858 3451 1869 3468 ·

87 3539 162 3632 lm¹
233 3563 315 3618 tore
337 3539 579 3636 Diocletiane,
605 3539 644 3614 in
713 3560 838 3642 gypto
862 3539 901 3615 ὅ(
916 3535 1044 3637 Persia,
1065 3560 1147 3615 tum
1171 3535 1301 3638 Judaci,
1332 3560 1412 3615 tum
1435 3536 1642 3635 Christiani,
1655 3558 1737 3610 tum
1800 3545 1805 3574 ’·
1891 3553 1893 3558 ·

88 3639 133 3716 Et
163 3641 236 3716 niei
249 3639 550 3739 irrcubuerunt,ut
565 3663 610 3714 ex
625 3637 734 3738 Suida
751 3661 883 3715 notum
903 3635 963 3713 est.
1014 3650 1032 3686 ⁷*
1047 3639 1219 3740 Stephani
1233 3637 1482 3753 Alexandrini,
1503 3640 1570 3752 qui
1592 3637 1795 3724 univer-21

87 3739 160 3818 salis
176 3739 423 3843 Philosophus
436 3757 587 3816 vocatus
605 3763 645 3814 ac
663 3737 725 3813 sub
749 3737 919 3814 Heraclio
934 3739 1039 3840 vixit,
1064 3743 1124 3814 cni
1145 3739 1220 3841 ipse
1240 3740 1356 3836 aliqua
1378 3737 1567 3842 inscrtpltt,
1620 3737 1736 3812 rimus

87 3839 145 3917 hie
161 3841 255 3918 liber
268 3837 330 3942 est,
344 3841 422 3946 περὶ
438 3845 501 3932 τῆς
585 3843 678 3932 aa'hnc
695 3827 756 3936 tel
770 3845 863 3943 saeuit
879 3840 1025 3950 τέχνης,
1054 3837 1208 3915 Cardan.
1229 3843 1249 3912 l.
1258 3863 1296 3924 17.
1313 3839 1352 3911 de
1366 3863 1436 3913 var.
1458 3869 1523 3914 rar.
1546 3841 1584 3914 in
1594 3763 1735 3951 ltiblio-

88 3941 190 4019 theca
202 3941 274 4020 Die
304 3943 311 3957 '
329 3943 487 4018 Hurtadi
526 3943 758 4039 eMendoza,
775 3949 880 4017 Orat.
896 3940 1062 4038 Caesarei,
1078 3937 1229 4016 extitisse
1244 3941 1302 4016 ait.
1324 3937 1549 4015 Christianus
1565 3937 1643 4012 furt.
1662 3937 1735 4010 Ve-

86 4067 165 4117 rum
180 4041 249 4119 elle
267 3967 376 4143 ffrljus
389 4043 472 4117 libri
485 4063 669 4139 autorem,
694 4037 889 4117 confirmat
914 4037 1100 4153 Salmasrus
1119 4047 1151 4110 in
1170 4041 1257 4112 Salia
1269 4063 1303 4214 p.
1317 4064 1390 4131 1⁰97·
1409 4037 1556 4141 Scripsrt
1578 4033 1735 4140 προέξεις,

87 4167 171 4242 quas
190 4141 306 4222 hodie
327 4138 514 4219 Processus
535 4164 724 4254 vocamus,
744 4164 893 4216 novem.
918 4209 924 4216 .
944 4133 1067 4215 *Post
1090 4139 1194 4216 illum
1214 4135 1275 4214 He
1288 4139 1410 4216 iodori
1430 4161 1567 4212 nomen
1587 4139 1732 4248 legatur,
1748 4159 1800 4218 22

86 4246 180 4344 cujus
200 4267 301 4322 extat
313 4242 464 4340 jambus
477 4239 522 4316 ad
536 4239 793 4319 Theodosium
807 4241 1085 4342 Imperatprem,
1102 4262 1214 4338 quem
1226 4259 1350 4329 tamen
1371 4238 1520 4312 minime
1534 4259 1737 4337 genurnum

84 4345 239 4424 renoscit
253 4341 457 4422 Reinesrus.
478 4345 569 4428 Sunt,
588 4341 707 4440 iniquit
731 4351 780 4412 ine
801 4339 898 4442 assint
913 4343 1054 4426 Gracala‘,
1069 4349 1131 4443 qut
1143 4348 1228 4411 inter
1248 4340 1485 4436 dacmtessmam
1506 4359 1620 4408 annum
1638 4342 1735 4422 ,vixa'n

83 4413 213 4552 uldr'lque
225 4449 318 4522 aliud
321 4452 402 4548 egit,
417 4465 510 4543 quam
562 4443 665 4538 adSte
684 4364 1072 4544 hhascprtptmndeeadan
1080 4437 1408 4537 artearuioaefhluta
1422 4441 1541 4551 ligavit.
1555 4432 1735 4548 Hetho'

83 4549 352 4654 mutHermiae
368 4467 603 4648 filiumdlett
652 4463 728 4621 dn
742 4538 1153 4718 oriundumNReinestus
1169 4537 1363 4642 Chymicae
1377 4560 1460 4616 arus
1476 4559 1553 4614 non
1567 4555 1736 4714 rgnaprtn

116 4690 118 4698 Α
458 4657 460 4664 ’
782 4691 791 4706 ,
1010 4663 1029 4735 3
1193 4671 1197 4678 ·
1313 4695 1317 4702 .
1387 4650 1391 4662 '
1536 4677 1538 4682 ·
1575 4685 1582 4698 -=
1680 4657 1737 4730 ert,
