3950 5236
882 67 887 74 “
955 73 962 104 Ι

525 256 528 264 ’
589 281 667 382 Cap.
688 271 772 358 XV.
822 272 954 386 &plage
971 279 1215 386 exemplorum.
1318 307 1321 312 ·
1646 307 1725 392 '525
1770 242 1773 252 Ι

114 449 213 528 taedae
230 473 291 526 me
305 471 456 550 quoque
468 463 602 528 vocare
614 446 772 546 voluisti,
788 473 872 526 curn
885 451 1045 530 nominis
1060 453 1133 528 mei
1151 451 1297 530 titulum
1310 434 1387 530 non
1406 471 1498 554 tuo,
1509 453 1568 532 sed
1591 455 1710 538 alieno
1805 494 1810 503 ·

89 475 195 654 fundo
209 547 383 653 preligis.
420 549 484 626 .Er
498 547 591 626 nosti
604 573 710 646 vero,
723 545 885 626 liberales
901 577 979 630 non
996 549 1075 649 else,
1094 553 1157 650 qui
1172 549 1219 626 de
1242 554 1359 628 alieno
1384 555 1604 670 largiuntur:
1631 521 1725 656 quid

90 674 171 724 vero
185 674 288 751 pistas
303 651 347 746 ad
362 651 441 726 baec
452 648 631 746 diiluros,
647 649 712 757 ubi
729 646 900 747 viderint,
916 649 1085 726 homines
1101 651 1298 750 doiiiores,
1314 652 1353 727 dt
1370 653 1408 728 in
1430 655 1541 730 literis
1555 655 1648 734 bene
1662 681 1726 736 ex·,

88 752 254 845 erciratos,
276 751 342 848 qui
358 749 419 825 bic
435 747 557 832 nasum
575 750 819 826 rhinocerotis
837 747 982 848 babent,
998 749 1038 826 δι’
1052 750 1111 825 vel
1129 776 1148 826 e
1164 751 1380 854 longinquo
1390 751 1476 828 Caci
1492 759 1722 856 raptorisve·

86 845 177 951 lligia
190 845 424 927 odorantur?
448 871 559 950 quare
575 869 610 924 tc
626 851 733 924 etiam
750 871 859 948 arque
876 851 986 926 eriam
1007 847 1153 950 hortor,
1168 873 1226 949 ut,
1237 847 1263 924 li
1278 872 1349 950 qua
1365 851 1431 927 tibi
1452 851 1639 956 supersunt
1655 857 1721 935 hu-

82 947 132 1044 jus
151 947 521 1050 scriptiexeruplaria,
536 951 575 1024 in
591 947 778 1052 publicum
794 949 940 1027 evolare
953 973 1031 1026 non
1050 947 1152 1050 sinas,
1168 974 1216 1026 ne
1234 949 1391 1026 dedecus
1420 973 1538 1052 tuum,
1557 979 1721 1052 quocun·

85 1071 146 1144 que
160 1051 226 1124 illae
240 1043 388 1125 tandem
404 1047 537 1129 charta
559 1049 807 1150 pervenerint,
828 1046 1090 1126 circumferant.
1141 1051 1237 1126 Non
1256 1048 1477 1128 succensebis
1493 1054 1610 1128 amico
1628 1054 1723 1133 bene

84 1150 250 1246 monenti,
266 1149 386 1246 utqui
402 1168 506 1248 tuum
529 1145 714 1224 honorem
732 1145 778 1224 ad
796 1147 832 1226 se
848 1173 998 1248 quoque
1012 1151 1194 1250 pertinere
1214 1170 1336 1251 putat,
1359 1171 1478 1248 eoque
1495 1149 1721 1252 labefaslaro,

83 1245 189 1338 ursua
205 1245 363 1346 quadam
376 1246 503 1345 injuria
517 1245 685 1328 afficitur..
730 1245 793 1322 Tu
809 1249 1002 1338 interim&
1021 1247 1133 1324 studia
1147 1271 1207 1325 tua
1223 1252 1418 1348 omniaque
1431 1255 1581 1358 negotia
1593 1253 1641 1329 ira
1654 1277 1724 1330 tra*

83 1347 150 1424 lies
160 1347 281 1448 velim,
295 1371 342 1452 ne
358 1344 447 1448 quid
462 1340 714 1452 valetudossrua
729 1341 940 1456 detrinrenti
954 1351 1080 1456 capiat.
1126 1350 1231 1426 Vale.
1289 1365 1293 1376 ·

291 1501 673 1698 ἘκρὸίὶιιΙαῐᾳῐία
692 1543 754 1656 ex
767 1548 903 1690 Epist.
915 1581 961 1697 ς,
979 1547 1107 1694 lib.5.
1122 1547 1230 1657 cic.
1246 1551 1307 1658 ad
1326 1545 1490 1698 Famis,
1584 1659 1589 1668 ,
1707 1563 1817 1696 μ.

170 1741 247 1823 Etli
262 1746 353 1828 nihil
370 1743 415 1824 ad
433 1767 470 1824 te
484 1748 671 1824 literarum
684 1745 768 1826 dare
782 1747 1084 1849 constitueram,a
1122 1775 1173 1828 uo
1191 1749 1285 1850 bene
1308 1751 1458 1854 longor
1547 1769 1618 1824 ore
1630 1747 1723 1824 nihil

80 1839 186 1918 adme
202 1845 440 1948 perscriptum
455 1843 542 1948 fuit,
556 1845 726 1950 precibus
740 1869 862 1924 tamen
876 1849 1040 1954 Agaperi
1054 1876 1104 1928 no
1137 1853 1369 1954 tipermotus
1387 1849 1453 1946 fui,
1466 1875 1490 1922 n
1535 1849 1641 1938 iteras
1655 1849 1719 1924 has

80 1941 117 2016 ad
133 1965 166 2019 re
181 1949 381 2045 mitterem,
395 1947 548 2046 ejusque·
559 1970 605 2020 ne
634 1947 753 2022 orium
767 1945 835 2028 tibi
851 1948 1167 2026 commendarem:
1193 1945 1402 2048 srfortassrs,
1424 1973 1512 2025 cunr
1531 1971 1608 2034 non
1624 1969 1722 2046 mea,

78 2037 130 2116 sed
143 2045 296 2121 aliorum
318 2045 427 2143 causa,
441 2044 570 2146 scribo,
586 1971 801 2144 asquasate
818 2046 935 2125 literas
949 2047 1156 2152 exsculpere
1174 2047 1323 2152 possim,
1344 2073 1499 2150 quarum
1523 2047 1615 2122 adeo
1636 2071 1717 2150 par-

78 2165 130 2218 cus
148 2167 208 2223 es:
230 2144 362 2244 nescio,
376 2167 500 2240 utrum
514 2141 690 2250 scribendi
704 2145 827 2245 radio,
849 2171 895 2222 an
921 2151 994 2226 mei
1013 2149 1113 2226 odio.
1161 2149 1374 2226 illudente
1394 2145 1463 2224 vix'
1486 2145 1720 2246 crediderim,

77 2264 150 2318 turn
165 2245 421 2342 quotidianum
435 2267 470 2322 re
489 2247 526 2320 in
539 2243 653 2322 literis
662 2243 708 2322 ad
723 2247 811 2322 alios
825 2244 1020 2324 scribendis
1045 2247 1112 2324 esse
1132 2247 1255 2345 sciam3
1275 2252 1313 2324 in
1335 2247 1468 2324 dandis
1484 2245 1717 2348 recipiendis·

12 2391 13 2400 κ
76 2367 137 2440 que
153 2343 423 2432 salutationibus
436 2341 642 2440 solennem3
666 2349 785 2448 etiam,
801 2371 885 2422 cum
905 2347 996 2422 nihil
1021 2374 1044 2423 o
1075 2373 1118 2426 us
1142 2347 1203 2448 est,
1224 2349 1474 2450 pollicentem,
1493 2350 1571 2422 imo
1590 2345 1716 2421 obtru-

76 2441 212 2519 dentem
230 2443 357 2538 officia.
405 2443 496 2520 -Hoc
513 2445 771 2546 itaquepotius
795 2445 1031 2542 videtur,s1m
1072 2447 1202 2526 taribus
1225 2463 1272 2555 te,
1295 2445 1415 2523 nescio
1464 2443 1583 2546 uibus,
1610 2446 1715 2522 indu·
1798 2443 1805 2454 '

76 2539 175 2643 lium,
193 2541 399 2640 abalieraalle
413 2569 433 2620 a
447 2569 506 2620 me
523 2543 696 2645 animum.
747 2543 887 2643 Accepi
902 2547 1011 2644 enim,
1026 2545 1150 2621 nescio
1168 2548 1300 2646 quibus
1322 2473 1534 2623 rumusculis
1549 2547 1713 2642 occultis

74 2659 104 2716 re
116 2637 242 2722 sunam
262 2667 382 2724 meam
399 2640 559 2720 lacessere
571 2643 776 2743 conviciis,
804 2641 989 2740 &quibus
1013 2667 1118 2744 potes
1131 2646 1285 2744 artibus,
1323 2645 1519 2720 luminibus
1542 2646 1632 2718 meis
1650 2643 1716 2720 ob·

73 2739 206 2820 struere.
258 2741 389 2848 Qod,
404 2766 445 2818 ut
458 2745 508 2818 im
540 2741 675 2818 robum
690 2765 767 2818 non
783 2741 899 2816 solunt
913 2739 963 2816 est
982 2742 1020 2818 ἃ
1036 2743 1196 2819 hominis
1214 2769 1346 2846 parurn
1364 2739 1528 2840 officiosi,
1556 2745 1602 2816 ita
1616 2747 1713 2840 ἅχω

74 2846 170 2944 palm
187 2867 338 2942 quoque
353 2861 480 2920 noram
494 2767 561 2917 tilii
577 2841 699 2918 inurit.
747 2837 881 2946 Qud?
906 2840 1035 2940 anjam
1049 2839 1141 2918 adeo
1156 2846 1553 2955 priorumtemporum
1575 2841 1710 2919 oblitus
1757 2901 1761 2918 .

76 2940 133 3017 es?
156 2969 237 3020 cum
253 2969 273 3020 a
287 2968 374 3020 meo
389 2940 566 3039 consilio,
583 2963 662 3036 ore,
676 2941 885 3042 praeceptis,
898 2939 1077 3042 penderes
1092 2962 1202 3042 torus,
1221 2965 1333 3042 eaque
1356 2941 1506 3016 haberes
1527 2938 1574 3014 ad
1597 2939 1711 3016 lludia

74 3041 278 3142 adjumenta,
293 3039 573 3144 absque-mribus
588 3040 614 3115 {i
633 3039 760 3138 fuisset,
777 3066 873 3116 nunc
890 3062 967 3118 non
982 3041 1133 3120 haberes
1147 3045 1227 3144 tela,
1241 3071 1322 3148 quae
1340 3045 1380 3118 in
1399 3065 1462 3118 me
1469 3043 1616 3143 jaceres,
1626 3066 1710 3118 meo

75 3143 156 3240 mihi
172 3146 286 3220 exitio
299 3149 489 3223 excretus.
530 3141 661 3248 ‚Qod
679 3140 845 3224 ithacum
860 3165 985 3218 rerum
999 3139 1216 3221 memoriam
1232 3141 1437 3246 deposuisti,
1452 3141 1573 3216 saltem
1587 3141 1623 3216 irl
1639 3147 1712 3217 ani·

12 3255 13 3258 ‘
75 3265 130 3316 mo
144 3262 282 3346 reputa,
297 3241 338 3321 ut
351 3243 431 3320 baec
444 3245 567 3320 omnia
581 3266 658 3318 non
675 3239 794 3340 essent,
810 3265 881 3342 qua
899 3241 1023 3319 fronte
1046 3243 1147 3324 ausus
1170 3245 1213 3321 lis
1232 3241 1398 3322 lacessere
1413 3239 1535 3316 senem
1551 3241 1709 3343 juvenis,

74 3365 331 3445 preceptorem
348 3341 552 3444 discipulus,
577 3347 697 3419 civern
721 3343 819 3420 civis.
869 3344 994 3446 Qanr
1016 3343 1165 3448 insignis
1184 3340 1608 3447 impudentiae-.notatnli
1631 3367 1709 3418 non

76 3443 238 3545 agnoscis,
251 3442 356 3522 frons
373 3445 439 3520 tibi
459 3445 580 3520 omnis
593 3445 715 3545 petiit,
733 3443 770 3518 δι
784 3467 867 3520 curn
882 3441 1005 3518 fronte
1026 3443 1123 3536 bona
1138 3469 1252 3543 mens,
1267 3468 1421 3542 quarum
1435 3465 1560 3516 rnurua
1574 3442 1710 3519 elleso·

76 3540 116 3618 ler
128 3543 361 3646 conspiratio„
385 3543 480 3623 -Has
494 3566 533 3618 ur
548 3541 768 3618 devorarem
783 3542 1111 3639 &concoquerem
1126 3546 1282 3646 injurias,
1295 3569 1316 3617 a
1337 3568 1396 3618 me
1421 3543 1615 3642 impetrate
1632 3543 1725 3620 non

76 3647 181 3742 potui,
196 3667 316 3743 neque
336 3667 434 3720 certe
447 3643 548 3733 silere
564 3641 607 3718 ad
622 3644 695 3718 illas
709 3641 829 3740 debui,
846 3665 892 3718 ne
908 3639 1310 3744 mussitandocresceret
1325 3645 1460 3742 injuria.
1512 3639 1710 3741 Reliquum

76 3766 108 3816 er
132 3769 155 3820 o
174 3741 236 3844 est,
252 3766 294 3822 ur
306 3743 504 3832 rescindam
521 3745 656 3844 potius,
671 3767 780 3840 quam
793 3737 938 3818 dilsuam
959 3743 1164 3842 amicitiam,
1181 3743 1335 3846 semper,
1357 3767 1398 3820 ut
1419 3741 1544 3840 video,
1567 3739 1708 3819 insidias
1786 3781 1787 3786 =
1897 3829 1902 3851 Ι
1927 3803 1930 3812 ,

76 3769 155 3918 mlii
171 3843 395 3922 sttuduranr
445 3843 500 3920 Ut
515 3867 637 3918 tamen
651 3839 888 3936 satisfacerem
905 3844 1051 3944 roganti
1065 3843 1194 3943 amico,
1209 3843 1345 3920 catrstm
1360 3847 1433 3942 ejus
1449 3841 1707 3916 tibicornrnen'·

76 3939 148 4018 dare
162 3947 288 4043 volui,
322 3969 364 4026 ut
387 3943 416 4024 st
439 3969 516 4020 non
532 3944 683 4018 amicitia
698 3966 777 4028 mea
791 3938 973 4040 indueras,
1011 3939 1133 4018 saltem
1147 3943 1331 4020 honestare
1346 3939 1517 4045 impulsus
1536 3937 1574 4012 id
1589 3937 1706 4039 facias,

75 4043 167 4140 quod
188 4047 365 4145 aequitatis
379 4047 471 4126 ratio
490 4043 527 4120 dt
543 4037 652 4120 bonae
667 4041 844 4145 leges'abs
859 4063 895 4118 te
913 4042 1114 4140 requirunt.
1167 4045 1265 4121 Vale.

260 4219 579 4386 'Responsor‘ia
597 4221 656 4346 ad
671 4229 1085 4384 expostulatoriam,
1099 4279 1157 4350 ex
1173 4244 1256 4383 Ep
1267 4263 1342 4372 28.
1356 4239 1491 4381 lib.7.
1724 4183 1826 4363 ,5⁸
1932 4215 1939 4248 ’·

159 4434 336 4538 Scripfisti
358 4435 405 4512 ad
425 4459 484 4512 me
500 4437 638 4534 tireno
662 4408 752 4535 quid
773 4435 856 4516 dico
881 4431 1030 4518 literas?
1055 4460 1150 4536 quot
1173 4437 1293 4536 uerba,
1327 4457 1384 4529 tot
1405 4436 1593 4511 convicia:
1616 4427 1706 4506 nihiI
1750 4509 1760 4518 ,,

73 4534 164 4616 enim
174 4537 222 4618 ad
233 4539 332 4617 illam
342 4536 571 4630 scerffltarem
585 4539 668 4630 addi
681 4535 816 4664 potest,
831 4563 975 4715 quarn&
991 4562 1070 4614 non
1085 4543 1318 4615 innocentem
1333 4535 1467 4636 modo,
1488 4531 1598 4612 sed&
1613 4529 1707 4706 bepp

982 4663 1088 4740 uua
1638 4725 1640 4738 Ι
1688 4707 1690 4712 ,
1742 4679 1746 4686 ,
