3948 5234
313 255 317 266 '
431 301 517 410 Cep.
534 269 595 388 IX]
618 254 679 382 De
698 307 886 410 decerptis
901 309 1080 388 Oratorir‘s
1093 279 1426 418 dlrtlymematr‘ciu
1678 317 1748 408 ⁶¹3

208 473 247 552 si
263 475 345 577 quis
365 474 484 576 itaque
501 475 590 554 velit
605 476 669 552 has
692 473 807 556 theses
822 501 893 556 con
922 489 1024 558 erere
1049 503 1091 558 ut
1110 505 1196 562 com
1227 481 1375 560 endinm
1390 478 1525 578 labpris
1539 477 1578 556 dt
1599 495 1674 565 tem
1705 503 1743 556 o·
1755 503 1779 572 9

93 579 141 654 ris
156 575 274 675 faciat,
293 575 408 652 nudas
423 572 539 652 theses
550 573 673 678 potest
686 577 768 652 coll'
800 601 873 679 ere,
891 503 929 656 dr
946 541 1042 680 qualr
1058 605 1126 699 per
1140 585 1176 658 in
1206 607 1297 658 rtem
1320 581 1454 660 addere
1468 582 1630 658 Antores
1667 503 1741 662 llne
1920 586 1926 606 ‘

91 678 365 753 enumeratione
380 675 727 778 Enthymematum:
765 701 777 752 1
798 701 891 756 vero
906 681 1005 779 velit,
1019 705 1124 758 enam
1141 681 1198 758 illa
1211 686 1349 784 poterit
1363 681 1534 782 adjicere3
1558 704 1604 766 eo
1619 637 1740 758 ‹listin-
1759 725 1764 732 ·

91 777 187 854 dior
203 777 242 854 dt
261 777 385 852 utilior
400 775 503 852 labor
524 777 583 852 ille
595 777 739 854 futurus
760 775 819 854 eli.
873 780 1099 886 Qanquam
1121 783 1159 862 dt
1175 781 1461 886 intelligentibus
1477 779 1578 858 facile
1598 781 1665 856 erit
1686 803 1739 856 re·

84 879 246 954 noluere
260 876 436 975 Antores,
456 874 495 952 dt
509 897 609 975 tunc,
631 901 715 953 cum
742 901 841 980 opus
869 881 931 978 est,
953 881 1052 982 apud
1075 881 1171 986 ipsos
1192 881 1355 960 breviter
1376 878 1661 980 Enthymemata
1685 903 1739 954 re·
1862 907 1868 922 ·

87 975 242 1054 censere.
292 981 314 1025 *
336 977 423 1052 Nos
439 978 614 1080 exemplo
630 978 754 1077 aliquo
769 976 1011 1080 ostendemus,
1028 983 1223 1080 quomodo
1238 979 1345 1058 rhesis
1362 980 1404 1061 lit
1420 977 1592 1076 notanda,
1613 978 1652 1054 &
1663 977 1735 1054 En·
1755 993 1799 1043 10

85 1079 313 1180 thymemata
329 1074 433 1152 flmul
447 1071 645 1152 secundum
666 1075 898 1154 Aristotelem
912 1080 1140 1180 apponenda.
1220 1082 1339 1187 Qtod
1366 1104 1444 1156 non
1462 1080 1606 1182 semper
1627 1080 1674 1154 ita
1688 1077 1738 1154 fa·
1820 1123 1824 1130 -

85 1201 167 1254 cere
183 1175 365 1254 necellitm
381 1173 443 1276 est,
458 1179 542 1251 cum
563 1181 742 1253 axiomata
756 1175 961 1262 Aristotelis
985 1179 1054 1258 srnt
1073 1183 1253 1284 generalia
1260 1209 1272 1278 3
1296 1181 1737 1282 Enthymemataaurem,

74 1301 168 1378 ‘quae
183 1275 231 1354 ad
246 1285 323 1352 rem
338 1277 493 1375 aliquam
513 1274 742 1378 probandam
762 1275 970 1379 afferantur,
993 1279 1062 1356 lrnt
1087 1278 1259 1383 specialia.
1309 1285 1364 1359 Ur
1388 1282 1508 1380 itaque
1527 1277 1661 1356 inutilis
1684 1279 1737 1364 vi-

84 1379 214 1454 deatur
230 1373 478 1476 cumulatio,ir
494 1379 576 1473 quis
601 1377 781 1480 generalia
804 1379 984 1456 axiomata
1007 1405 1091 1456 cnm
1116 1381 1324 1482 specialibus
1346 1379 1451 1457 simul
1474 1401 1615 1481 ponere
1637 1377 1732 1454 velit.

82 1479 184 1552 Nam
198 1477 278 1554 haec
291 1477 469 1580 generalia
480 1478 659 1554 axiomata
675 1474 904 1556 Aristotelica
919 1499 1091 1578 tanquam
1105 1481 1219 1558 literae
1233 1483 1270 1558 ἃ
1283 1481 1425 1584 syllabae
1447 1477 1734 1583 praesuppqnen·
1778 1483 1790 1493 “

81 1577 137 1653 dae
152 1575 236 1654 sunt
250 1576 311 1676 illi,
331 1578 396 1676 qui
410 1573 618 1652 sermonem
632 1578 789 1676 aliquem
810 1576 1008 1680 scripturus
1025 1577 1087 1656 eli.
1136 1583 1157 1628 *
1182 1581 1240 1658 Ex
1260 1581 1441 1676 Oratione
1459 1579 1651 1657 Ciceronis
1659 1599 1732 1678 pro
1749 1597 1790 1650 11
1816 1671 1819 1676 Ι

79 1679 118 1754 1„
133 1679 190 1754 M.
207 1677 375 1756 Muraena
399 1697 547 1752 notetur
567 1677 647 1754 haec
661 1673 791 1754 Tlrefis
815 1675 878 1754 sub
906 1679 1013 1757 titulo
1031 1679 1352 1784 Jurisprudentiae:
1368 1680 1636 1800 Juruprudcmu
1652 1677 1728 1780 post·

74 1779 218 1880 prunedo
235 1779 472 1880 tesleloquentlae‚
487 1776 531 1851 Εἴ
547 1787 595 1848 rei
612 1781 760 1850 nulium
765 1777 911 1877 selemia.
1000 1781 1108 1856 Hanc
1134 1779 1251 1857 thefin
1273 1805 1318 1859 ut
1338 1781 1424 1859 Cle·
1436 1779 1583 1884 probet,
1594 1781 1743 1880 ¹ptimo·

74 1877 398 1980 jurisprudentiam
421 1879 663 1952 contemnite
682 1877 771 1954 locis
799 1879 878 1976 illis,
906 1879 1038 1982 quibus
1058 1879 1192 1980 aliquid
1214 1881 1384 1960 elevatur.
1460 1883 1514 1956 Hi
1528 1879 1606 1954 loci
1626 1901 1664 1952 re
1695 1899 1728 1952 e·

77 1980 223 2056 riuntur
237 1975 334 2080 apud
353 1978 442 2074 Arist.
456 1973 505 2048 lib.
520 2005 539 2049 r.
550 1978 686 2052 ‘Rhama
702 2005 729 2050 c.
738 2005 776 2094 ρ.ι
795 1977 859 2054 ubi
877 1977 951 2056 loci
964 1977 1252 2057 Demonstrativi
1266 1986 1412 2086 generis
1425 1998 1631 2058 occurrunt.
1657 1901 1730 2052 Be-

76 2077 164 2156 bent
179 2101 272 2154 vero
288 2077 348 2154 hic
367 2075 519 2179 intelligi
534 2075 605 2152 loci
619 2079 810 2154 contram:
827 2103 910 2154 nam
924 2078 1136 2156 Aristoteles
1150 2079 1309 2159 diredlos
1327 2081 1456 2184 poluit.
1531 2076 1728 2176 Postquam

74 2181 197 2276 itaque
210 2181 335 2280 pn'mo
357 2173 465 2251 thefis
489 2174 605 2277 posrta
626 2173 688 2276 est,
706 2175 935 2277 subjiciantur
956 2178 1259 2281 Enthymematr3
1283 2180 1584 2282 Jurisprndentiae
1607 2175 1725 2278 digni·

74 2299 125 2354 tas
141 2275 286 2354 nonest
310 2297 404 2352 tanta
427 2300 455 2350 r.
474 2275 628 2382 quodin
642 2277 750 2353 rebus
768 2281 917 2356 minutis
941 2279 1114 2380 versetur,
1133 2307 1175 2354 ex
1190 2286 1256 2355 loco
1270 2284 1458 2379 mylotelico
1477 2277 1527 2352 lib.
1550 2307 1570 2354 ι.
1591 2305 1617 2349 c.
1632 2299 1725 2368 m.
1780 2309 1786 2336 ι

72 2405 100 2448 n
114 2405 166 2464 25.
189 2375 234 2452 ὃ(
249 2405 315 2480 qua
329 2372 541 2475 extrorsum.
568 2401 600 2452 2.
619 2375 721 2476 quod
737 2379 907 2455 omnibus
928 2402 1014 2456 nota
1029 2384 1149 2455 minus
1164 2379 1233 2456 fint
1256 2384 1294 2456 in
1318 2385 1452 2484 pretio,
1476 2379 1601 2478 Arillot·
1629 2376 1679 2448 ln.
1694 2401 1721 2458 ι-

72 2507 97 2549 c.
109 2505 141 2570 9.
158 2505 189 2549 n.
204 2487 254 2550 26.
293 2505 336 2549 na
349 2485 404 2547 uni
411 2474 490 2575 fiun
498 2486 639 2578 propria.
677 2523 679 2530 ,
716 2503 747 2571 3.
770 2477 868 2580 Qnae
885 2481 1042 2554 avaritiae
1062 2481 1121 2554 vel
1148 2481 1355 2557 ambitionis
1390 2488 1503 2584 gratia
1526 2497 1722 2574 novantur,

71 2577 167 2680 sepe
181 2575 228 2652 ad
243 2506 432 2672 illidium
445 2574 652 2674 hominum,
670 2601 708 2651 ea
722 2599 851 2677 parum
871 2575 1085 2652 aestimanda.
1156 2571 1208 2652 lix
1220 2584 1285 2651 loco
1299 2587 1468 2652 ‘contrario
1489 2580 1625 2676 ejusdcm
1641 2583 1722 2677 capr·-

71 2688 112 2750 n's
124 2685 153 2770 §.
161 2703 194 2772 J.
269 2703 305 2773 4.
371 2673 446 2750 nod
461 2677 499 2748 in
515 2697 555 2749 ea
569 2675 681 2750 multa
696 2674 765 2752 fint
780 2673 993 2775 deparavata
1007 2677 1045 2752 dc
1066 2698 1252 2778 corrupta,
1275 2678 1359 2753 ineo
1390 2703 1435 2752 ue
1459 2679 1535 2774 ejus
1554 2699 1611 2752 ars
1631 2699 1718 2754 con.-

68 2769 285 2854 iemnenda:
312 2803 353 2847 ex
402 2773 713 2851 communitur.
737 2781 1061 2875 cap.7.§.43.n.40.
1136 2775 1303 2850 namura
1324 2705 1544 2870 infflrmioribus
1557 2774 1638 2872 fiant
1657 2797 1737 2850 me·‚

66 2881 153 2950 liora
237 2901 269 2968 5.
295 2875 393 2980 Qla
415 2872 701 2973 jurisprudentia
721 2873 764 2952 ro*
787 2878 882 2975 ρητδν
906 2877 1030 2976 potius
1062 2874 1216 2979 respicit,
1247 2899 1356 2976 quam
1377 2876 1597 2973 aequitatem.
1627 2871 1722 2965 Aust,

68 3006 93 3049 c.
108 3005 117 3050 ι
119 3005 151 3072 5.
175 2983 204 3068 ς.
217 2985 264 3064 65.
279 3004 309 3048 n.
324 3004 356 3066 4
430 2973 640 3072 Sequuntur
656 2995 885 3076 argumenta,
901 3000 983 3074 quae
999 2975 1123 3052 utilem
1144 2975 1215 3051 elle
1238 2993 1375 3078 negant
1400 2977 1485 3051 'tntis
1515 2969 1720 3048 rudentium

67 3075 109 3152 atl
123 3078 280 3179 gratiam
294 3072 501 3176 parandam,
515 3099 556 3144 cx
568 3075 633 3145 loco
646 3073 817 3169 Aristotelis
834 3081 999 3148 Contrario
1013 3075 1063 3148 lib.
1079 3103 1098 3151 t.
1114 3107 1140 3149 c.
1150 3103 1181 3169 9.
1203 3083 1231 3168 §a
1244 3085 1289 3149 26.
1406 3077 1463 3150 inc
1485 3001 1644 3171 {quitur
1666 3093 1719 3144 er·

118 3197 289 3252 mentum
301 3200 322 3249 a
335 3173 512 3271 facilitate,
527 3199 544 3242 e
560 3174 626 3244 loco
645 3175 769 3346 Ανίιζλοτ.
783 3171 831 3246 lib.
850 3201 869 3272 r,
893 3197 957 3280 cap.
971 3201 997 3263 7.
1013 3203 1042 3250 n.
1058 3203 1095 3272 19.
1146 3175 1305 3275 Difficilius
1316 3177 1355 3272 esi
1358 3179 1504 3272 faciliori
1508 3203 1521 3258 ‚·
1535 3171 1719 3271 jurispru·
1735 3241 1737 3246 ,

64 3201 187 3352 §duria
211 3297 303 3351 vero
326 3273 465 3352 facilis.'
500 3269 679 3374 ''Quodo
710 3271 813 3349 eadit
827 3273 903 3352 Cic
918 3299 1076 3376 quatuor
1087 3275 1299 3391 specialibus
1312 3276 1546 3378 argumentis.
1569 3299 1597 3348 1.
1614 3264 1719 3368 quod

62 3375 119 3474 jus
135 3397 269 3454 omnes
283 3374 401 3455 sciam.
425 3399 458 3450 2.
475 3377 578 3472 quod
590 3373 784 3474 praeceptis
800 3375 952 3450 minime
968 3375 1129 3452 obscuras
1143 3375 1381 3450 contineatur.
1409 3397 1442 3471 3.
1457 3373 1560 3470 quod
1581 3371 1625 3447 ab
1649 3369 1715 3444 ho·

65 3478 163 3552 mine
180 3473 422 3590 vehementer
438 3493 618 3572 occupato
635 3471 720 3590 disci
734 3469 852 3576 pollrt.
883 3500 918 3570 4.
937 3474 1040 3573 quod
1054 3497 1173 3572 neque
1186 3473 1244 3570 jus
1258 3471 1432 3575 scriptum
1445 3469 1513 3546 'vel
1535 3496 1611 3586 non
1635 3466 1714 3544 scri·

62 3571 1715 3776 lllalffillllillillssll,„nllllllllllllllllltilllmlllylss
1801 3637 1811 3648 ·

61 3797 118 3850 ma
135 3776 304 3878 primum
324 3776 516 3876 petiturus
526 3771 651 3866 Arssot.
664 3770 714 3849 lib.
731 3799 751 3847 t.
767 3771 862 3843 Rhea.
875 3799 901 3842 c.
916 3795 943 3858 7.
957 3797 1055 3866 n.·43.
1127 3773 1225 3871 Qud
1238 3775 1349 3875 plures
1371 3791 1534 3876 expetunt,
1547 3775 1655 3842 melius
1671 3767 1711 3863 cll

60 3901 103 3964 eo,
127 3875 219 3978 quod
231 3884 416 3977 potiores:
453 3873 577 3975 plures
604 3893 696 3954 vero
729 3891 908 3971 expetunt
940 3872 1196 3970 eloquentiam,
1230 3897 1339 3970 quam
1368 3869 1711 3973 jurisprudentiam:

57 3973 153 4050 illam
167 3995 265 4052 vero
307 3973 455 4050 uoniam
469 3995 541 4076 pro
572 3989 626 4044 ter
641 3969 887 4048 difficultatem
902 3969 1033 4070 alleqni
1049 3993 1239 4071 nequeant,
1255 3971 1299 4048 ad
1315 3963 1712 4072 Junaprudenriamde·

62 4077 227 4173 veniunt.
275 3999 525 4173 Enthymema
539 3997 737 4148 Fecundum
751 4067 854 4145 estex
868 4071 1028 4166 Aristotele
1044 4069 1117 4147 ibid.
1133 4077 1196 4158 κζ.
1246 4077 1324 4172 Qu
1339 4079 1440 4168 majus
1457 4068 1587 4170 aliquod
1599 4063 1711 4138 bonum
1815 4167 1823 4176 μ

58 4173 203 4270 efficiant,
226 4177 357 4246 mellora'
371 4172 477 4275 ſsent:
501 4171 726 4266 Eloquentia
742 4191 864 4246 autem
888 4170 1027 4270 majora
1051 4170 1247 4246 commoda
1258 4170 1382 4270 'affert,
1406 4195 1515 4267 qnam
1533 4167 1710 4266 jurispru·
1736 4181 1745 4224 i

58 4273 203 4352 dentiai
231 4285 313 4372 quae
327 4292 396 4374 per
412 4267 897 4369 enumerationemexplicat
912 4268 1063 4348 Cicero.
1111 4269 1360 4370 Enthymema
1383 4271 1531 4344 tertium
1553 4269 1711 4368 peritum

59 4369 161 4446 estex
178 4375 286 4446 eodem
299 4377 366 4445 loco
386 4399 418 4446 n
433 4399 464 4464 9.
482 4369 527 4447 &²
550 4397 587 4444 ro.
685 4371 784 4468 Qud
802 4375 904 4439 mimas
932 4373 1032 4442 altero
1054 4371 1183 4472 intinget,
1203 4371 1370 4466 melius‘esl
1396 4395 1439 4451 eo,
1463 4367 1552 4466 quod
1570 4365 1711 4464 indiget,-

58 4470 99 4550 ld
118 4473 212 4578 quod
219 4473 286 4570 fine
299 4475 398 4548 altero
414 4471 513 4574 potest
529 4469 592 4570 effe,
613 4471 722 4546 melus
735 4471 774 4569 cll
788 4471 1010 4644 eo'l-fssoffim
1024 4493 1059 4541 eo
1078 4497 1140 4566 non
1158 4467 1210 4570 effe
1221 4469 1328 4572 potesl.
1396 4463 1616 4578 Eloquenriq
1634 4463 1708 4579 line

141 4610 145 4621 '
1009 4595 1029 4670 3
1519 4619 1521 4624 ’
1602 4587 1708 4662 lum·
