3970 5236
243 301 320 399 424
492 373 495 382 ,
720 237 723 242 ’
791 281 993 396 ¹tantast.
1016 253 1147 367 raia:
1179 279 1256 366 ru.
1280 283 1328 365 tt.
1523 245 1539 320 ‘-

200 459 202 471 ’
244 455 451 570 puerorum
467 463 615 540 aanor
631 457 824 562 dejiciunt,
847 457 887 538 di
907 455 1066 536 serviles
1078 452 1239 534 reddunt
1259 461 1306 532 eri
1328 449 1525 556 irrgenuis',
1540 481 1543 489 ·
1561 453 1913 550 ne'que'pravorum

191 591 199 623 ¹
245 562 455 663 affectuum,
474 563 549 660 irae,
569 559 830 734 indippationis
848 553 1267 673 seminamspergnntur,
1290 578 1373 654 quae
1395 573 1480 628 tum
1502 547 1763 654 magistrorum
1784 549 1914 627 ferulis
1974 579 1975 582 ¹

245 667 455 768 implantari
468 662 592 737 solent.
684 685 844 760 unquam
860 661 962 736 eninr
977 679 1100 762 prante
1122 683 1163 733 ln
1211 680 1321 734 ueros
1344 649 1447 730 statui
1467 650 1615 750 debent,
1654 649 1721 726 nili
1734 649 1786 725 ob
1800 648 1916 726 astio-

194 787 201 854 ·,
248 789 316 842 nes
332 761 511 840 honellati
525 763 562 837 δι
571 759 716 860 justitiae
729 781 997 864 repugnantes3
1018 783 1130 856 quam
1150 683 1209 834 οξ
1225 755 1365 834 causam
1388 777 1434 830 eo
1449 754 1665 832 attentiores
1689 753 1729 826 in
1755 775 1916 826 conver-

227 863 383 947 fatione
408 887 480 939 tam
498 861 705 936 innoxiar&
722 857 971 936 humaorffima
991 861 1228 960 etuntpueti.
1279 857 1418 954 Neque
1430 876 1528 956 opus
1542 850 1604 951 est,
1623 849 1731 928 nobis
1747 849 1835 952 ipsrs
1853 877 1917 928 ne·
1974 883 1975 896 ¹

120 1025 122 1038 .
249 963 443 1042 ceffitdtem
461 959 541 1038 casti
591 959 737 1038 odihac
752 961 810 1036 via
827 957 1087 1060 imponereob
1100 957 1377 1061 negligentiam,
1399 954 1501 1052 cujus
1521 977 1645 1058 poenae
1661 954 1700 1027 in
1719 954 1916 1030 communi

243 1063 433 1142 'methodo
448 1064 542 1136 inter
570 1086 634 1135 um
651 1063 717 1135 virt
738 1061 867 1136 evitati
886 1055 1042 1160 pellunt.
1119 1055 1313 1162 seligenda
1331 1055 1413 1132 sunt
1434 1056 1473 1128 in
1501 1054 1696 1152 colloquiis
1719 1079 1803 1133 non
1827 1051 1917 1130 seria

195 1202 202 1228 r
225 1251 227 1256 ,
250 1186 406 1260 tantum,
422 1139 483 1236 fed
506 1159 544 1236 dt
565 1163 723 1236 maxime
735 1159 883 1259 ludicra,
909 1158 1093 1257 inquibus
1114 1157 1166 1232 nil
1178 1177 1293 1260 agunt
1310 1155 1481 1270 vulgares
1497 1151 1652 1228 Scholae.
1701 1153 1916 1258 Argumen-

247 1273 453 1364 ta'quoque
474 1258 683 1358 dentibus,
698 1257 746 1335 de
765 1258 1122 1356 historiis-variisque
1147 1257 1256 1332 rebus
1281 1252 1524 1332 imnuscenda.
1536 1251 1638 1428 suop,
1659 1253 1699 1328 in
1720 1277 1809 1354 quae
1824 1279 1919 1354 quo·

248 1361 389 1440 tidiano
418 1364 586 1436 lermone
611 1385 694 1436 non
719 1358 821 1434 fa'cile
843 1359 1070 1434 deducimur.
1111 1343 1252 1455 atque
1279 1356 1366 1431 hinc
1386 1351 1591 1432 occaliones
1632 1351 1844 1430 eindustria
1865 1381 1917 1431 ca·

239 1463 399 1569 ,ptandae
415 1462 455 1538 dt
469 1460 620 1562 sapienti
635 1452 785 1535 consilio
804 1457 1021 1572 dirigende.
1072 1455 1163 1558 Cap.
1178 1483 1210 1547 7.
1225 1457 1302 1559 agit
1322 1453 1369 1539 de
1400 1453 1579 1560 brevitate
1602 1453 1708 1552 hujus
1730 1453 1916 1556 methodi,
1974 1533 1975 1538 ,

245 1599 250 1608 ·
281 1587 325 1639 ua
338 1565 431 1638 intra
445 1584 585 1636 novem
604 1583 788 1634 annorum
802 1556 956 1660 spanum
969 1558 1141 1660 pleraque
1163 1554 1249 1631 disci
1269 1552 1417 1657 polllnt,
1435 1553 1709 1654 particularibus
1725 1557 1864 1632 attimn
1879 1557 1917 1634 dt
1974 1579 1975 1602 ¹

168 1659 194 1672 ”
246 1591 477 1742 ¹lqcientiarum
490 1660 666 1762 exceptio,
680 1661 765 1734 curn
783 1659 847 1733 vul
893 1661 927 1732 ri
940 1662 997 1732 via
1013 1679 1059 1732 ne
1076 1681 1186 1731 unam
1207 1656 1358 1753 quidem
1378 1654 1547 1764 ‘Latinam
1567 1653 1733 1762 linguam
1756 1679 1802 1730 eo
1826 1678 1917 1732 tem·
1974 1695 1975 1698 ¹

246 1765 357 1870 poris
372 1761 485 1864 spatio
502 1758 685 1835 discamus.
733 1757 805 1836 Per
819 1681 920 1834 uftfm
944 1781 983 1832 er
1013 1783 1049 1855 o,
1063 1777 1104 1832 ut
1122 1781 1199 1859 cap.
1217 1769 1250 1846 8.
1262 1753 1372 1831 fustus
1386 1751 1547 1852 deducit,
1567 1755 1778 1853 accuratior,
1797 1781 1914 1853 quam
1974 1773 1975 1788 ¹

282 1880 322 1938 er
338 1882 525 1962 praecepta
539 1861 577 1934 dt
594 1859 919 1965 regulascognitio
936 1781 1101 1956 haferur,
1119 1853 1422 1952 conflrufliones,
1445 1855 1693 1958 proprietates
1711 1851 1917 1932 verborum
1974 1903 1975 1922 .

252 1889 358 2038 dmul
373 1959 726 2062 apprehenduntur3
777 1960 895 2058 copia,
911 1955 1173 2059 promptitudo
1190 1953 1367 2054 loquendi
1380 1955 1596 2052 anquirintr,
1621 1979 1730 2054 quam
1751 1957 1817 2030 vix
1841 1978 1916 2033 tota

237 2064 330 2136 rvita
357 2059 504 2163 vulgari
535 2057 593 2132 illa
620 2056 739 2132 nobis·
762 2079 945 2157 paramus.
998 2057 1144 2155 -Majot
1174 2078 1325 2154 quoque
1357 2055 1494 2158 lingua
1513 2052 1633 2156 iplirts
1656 2053 1823 2132 extenfio
1847 2055 1913 2134 est:

252 2183 339 2239 nam
362 2159 466 2261 plura
487 2159 524 2232 in
541 2155 706 2232 familiari
725 2155 912 2253 colloquio
935 2153 1112 2254 incidunt,
1132 2154 1179 2230 de
1194 2155 1326 2254 quibus
1349 2152 1453 2229 srlent
1479 2151 1563 2229 libri
1583 2153 1629 2230 dt·
1643 2151 1802 2244 Schola.
1853 2157 1915 2235 Ad
1974 2165 1975 2180 ¹

252 2258 452 2338 lee’tionem
480 2279 634 2355 quoque
660 2254 773 2358 longe
797 2258 957 2356 paratior
978 2253 1142 2355 accedet,
1174 2277 1218 2340 ut¹
1237 2257 1357 2354 itaque
1379 2275 1399 2326 e
1425 2251 1578 2330 ludione
1627 2251 1769 2346 osteas
1814 2259 1915 2374 plere
1974 2329 1975 2358 ,

284 2357 378 2459 offit,
398 2353 825 2457 quaeincoaversatlone
849 2353 1071 2431 defecerunt.
1140 2355 1237 2430 Puer
1258 2379 1304 2430 ert
1325 2355 1392 2430 illis
1413 2375 1513 2430 nova
1526 2281 1715 2432 medrodo
1742 2358 1782 2432 io
1871 2363 1913 2438 tis
1974 2411 1975 2432 .

248 2387 356 2538 Kato
372 2460 486 2536 oetatis
499 2481 596 2532 antro
612 2453 766 2532 Phaedri
776 2453 911 2532 fabulas
925 2451 1112 2554 intellexit,
1127 2479 1217 2553 quas
1229 2455 1295 2530 alii
1318 2456 1384 2530 virt
1411 2451 1634 2532 duodecimo
1660 2455 1913 2568 intelligerent.

110 2612 113 2621 .
236 2562 383 2664 -Qrare
398 2555 611 2634 omneillud
631 2555 796 2656 tempus,
824 2553 928 2654 quod
948 2556 1282 2631 alii'Gr-ammaticae
1300 2549 1573 2656 impendunt&
1582 2555 1833 2660 natantibus,
1857 2562 1913 2638 ille
1974 2575 1975 2648 ἕ

251 2657 470 2762 impendere
484 2655 633 2731 lediioni
644 2653 778 2762 potest,
793 2656 959 2732 Autotes
974 2679 1104 2732 omnes
1120 2679 1280 2754 quatuor
1290 2658 1393 2732 annis
1421 2656 1526 2731 citius
1551 2655 1650 2760 leget
1657 2717 1669 2758 ,
1708 2657 1841 2735 decem
1855 2685 1912 2738 an·
1974 2676 1975 2720 ³

251 2762 309 2837 nis
323 2760 427 2834 citius
446 2755 635 2860 intelliget,
660 2755 697 2831 dt
716 2754 1007 2860 duplolongius
1031 2759 1181 2860 tempus
1199 2756 1278 2844 illis,
1296 2779 1410 2854 quarn
1433 2755 1491 2830 alii
1505 2753 1653 2833 faciunt·
1675 2760 1740 2856 qui
1762 2758 1912 2838 sero-ad
1974 2753 1975 2822 ἶ

250 2859 375 2936 bonos
389 2857 552 2932 Autores
565 2853 753 2953 accedunt,
768 2854 948 2930 insumere
962 2857 1121 2957 poterit..
1147 2857 1246 2932 Fieri
1259 2857 1418 2952 denique
1438 2879 1518 2935 non
1538 2817 1677 2959 potefl,
1699 2861 1791 2958 quin
1813 2861 1911 2936 habi·

252 2960 385 3043 tusille
400 2959 553 3058 aprima
568 2957 759 3030 nativitate
780 2979 849 3056 per
867 2971 901 3043 ε.
928 2956 976 3034 dt
992 2973 1161 3050 pannos
1189 2958 1419 3032 continuatus
1445 2955 1600 3046 alterum
1618 2955 1782 3061 superet,
1813 2965 1911 3062 quia
1974 2953 1975 3034 Ὗ

257 3059 358 3156 14'&
375 3081 427 3154 15.
440 3076 538 3130 anno
555 3055 695 3226 incipit,
710 3054 748 3129 dt
759 3077 827 3158 pep
843 3076 916 3131 tres
934 3078 1138 3153 quatuorve
1145 3081 1267 3132 anuos
1283 3077 1424 3131 tantum
1441 3057 1686 3158 continuatur,
1699 3059 1736 3135 dt
1748 3059 1910 3137 accellio·
1974 3111 1975 3146 2

250 3181 299 3236 ne
318 3153 533 3230 eretorices
551 3151 630 3227 &P
662 3151 851 3253 ilosophiae
869 3153 929 3229 vel
943 3155 1234 3258 interrumpitur,
1246 3157 1307 3232 vel
1321 3153 1592 3258 constringitur.
1643 3157 1763 3263 Qod
1777 3157 1805 3234 st
1819 3185 1909 3238 vero
1974 3239 1975 3254 ,

251 3259 321 3334 illis
335 3251 512 3354 loquendi
531 3251 656 3328 Latine
678 3249 920 3329 necelfrtatem
943 3255 1133 3356 impones,
1173 3279 1319 3332 crucem
1339 3255 1409 3330 illis
1432 3253 1551 3372 figere
1571 3256 1778 3356 videberis3
1802 3264 1908 3338 inviti
1974 3329 1975 3342 .

251 3358 354 3446 enim
374 3352 421 3430 ad
435 3350 617 3451 loquelam
630 3351 795 3428 Latinam
807 3351 1012 3456 adigentur,
1036 3379 1187 3454 eamque
1211 3357 1334 3439 multis
1356 3353 1563 3432 soloeerlmis
1582 3381 1849 3464 corrumpent,
1871 3383 1910 3438 ut
1974 3437 1975 3442 Ν

254 3458 376 3553 itaque
398 3477 511 3530 omne
539 3450 615 3526 hoc
637 3449 886 3528 scholasticum
914 3458 1128 3532 exercitium
1141 3481 1228 3534 non
1249 3457 1405 3560 lioguae,
1430 3455 1492 3531 sea
1505 3453 1714 3559 scriptioni,
1739 3457 1909 3536 inservire
1974 3509 1975 3512 =

190 3557 235 3636 18
255 3554 445 3631 videatur(
532 3553 557 3598 ἢ
580 3549 703 3650 Hujus
717 3551 878 3628 utilitatis
893 3549 1091 3630 secundum
1106 3557 1348 3634 hancnovarn
1356 3553 1578 3632 methodum
1592 3557 1679 3633 haec'
1692 3581 1812 3660 porro
1828 3585 1909 3636 con·
1974 3557 1975 3590 ¹

253 3653 399 3732 fefiaria
429 3650 561 3738 educit.
609 3650 634 3723 l.
649 3648 882 3742 Profellionis
901 3651 1070 3730 felestum
1086 3654 1369 3732 instiiueodum:
1420 3657 1594 3758 capacitas
1616 3660 1715 3733 onim
1734 3655 1907 3759 filiorum,
1974 3747 1975 3752 η

252 3754 504 3838 inclinationes
517 3775 564 3826 ex
584 3747 658 3852 ipsa
685 3750 742 3826 illa
770 3773 914 3829 maurae
923 3753 1254 3856 representatione
1263 3757 1397 3832 artium
1418 3757 1455 3834 δι
1481 3755 1567 3860 p'r'ra
1590 3757 1596 3771 '
1629 3757 1754 3834 iorum
1775 3759 1905 3846 reflius

191 3921 194 3928 ,
234 3853 509 3954 dijudicantur,
535 3863 647 3927 tuma
666 3849 888 3952 parentibus,
904 3875 984 3930 tum
999 3854 1043 3930 ab
1058 3853 1142 3958 ipsrs
1158 3854 1251 3952 filiis,
1267 3855 1367 3931 unde
1391 3879 1523 3961 magna
1541 3856 1580 3930 in
1617 3860 1908 3936 ocietatemtcivi·
1974 3937 1975 3942 Ν

176 4025 186 4055 ,
251 3955 328 4048 lem
343 3952 541 4030 commoda
555 3973 784 4052 promanant.
828 3951 949 4031 Artes
963 3953 1121 4054 denique
1140 3955 1225 4057 ipsae
1248 3956 1378 4032 melius
1394 3955 1630 4032 excolentur.
1652 3953 1679 4032 st
1700 3959 1767 4034 illae
1792 3985 1908 4036 aoon

251 4055 380 4132 irruitis
395 4051 639 4155 lirscipiantur,
655 4049 809 4147 &facile
831 4051 877 4128 ad
893 4052 1070 4131 summam
1092 4053 1359 4157 pernitionem
1387 4054 1520 4130 deduci
1574 4081 1702 4134 ount.
1768 4059 1811 4136 ΙΙ.
1838 4059 1910 4136 Bo·
1974 4063 1975 4144 l

248 4178 392 4230 ‘norum
413 4176 565 4228 morum
587 4149 864 4255 perfeffionem.
920 4153 984 4230 llla
1003 4157 1101 4242 enirn
1129 4179 1150 4230 e
1174 4155 1389 4232 nituntur
1410 4179 1479 4258 per
1498 4081 1696 4234 tedionem
1719 4157 1908 4236 bonorum

253 4253 444 4330 Autorum
466 4254 505 4330 dt
520 4254 652 4328 artium
668 4249 927 4329 informatione
945 4251 1130 4357 speranda,
1154 4280 1241 4333 cum
1261 4257 1475 4355 ceteroquin
1494 4257 1556 4332 vel
1580 4260 1727 4374 ineptiis
1754 4259 1814 4334 vel
1840 4283 1908 4336 vo·
1974 4267 1975 4346 Ϊ

149 4448 155 4458 l
253 4349 453 4456 luptatibus
467 4374 612 4454 tempus
630 4348 856 4454 transigatur,
873 4351 1017 4431 ficxtta
1039 4377 1234 4458 parentum
1253 4353 1661 4434 consuetudinemalibr
1684 4358 1735 4433 illi
1753 4353 1907 4436 educen·

244 4473 324 4552 nrt.
375 4453 470 4528 Hac
501 4455 600 4530 enim
616 4451 827 4528 informatio
852 4476 1044 4556 parentum
1066 4453 1284 4571 inspefiioni
1304 4455 1342 4533 dt
1361 4453 1580 4534 obedientia
1602 4458 1684 4536 illos
1706 4462 1825 4564 magis
1847 4457 1907 4536 ad·
1974 4487 1975 4550 l

254 4545 1208 4659 &ingenuequefacilecootagiumeconversatroue
1220 4555 1407 4640 maurum
1420 4557 1905 4733 inprimapueririaurrhenlp
