3950 5236
589 271 672 376 Cup.
696 271 780 354 XV.
803 271 935 382 Sylloge
952 277 1210 384 Exemplorum.
1527 227 1531 241 v
1649 203 1718 388 5l9

87 436 872 532 virtutis&indullriaeornamentaintesunt:
900 449 1015 524 elucet
1024 447 1083 524 vel
1092 452 1218 525 ceteris
1236 449 1387 528 exineiis
1395 451 1468 530 sola
1482 472 1544 532 tua
1555 455 1717 546 sanditas

87 539 332 642 &prudentim
359 539 480 640 habes,
501 565 583 639 quae
606 542 756 639 quidem
770 546 808 620 in
822 545 976 642 homine
990 547 1164 624 dicuntur
1179 547 1286 648 bona,
1301 575 1479 652 parentes,
1495 549 1647 656 patriam
1664 557 1717 630 in·

85 643 265 736 columem,
274 641 423 735 amicos,
433 663 560 742 genus,
578 663 767 742 cognatos,
784 641 935 722 divitias.
986 647 1057 722 His
1071 649 1140 722 tuis
1156 669 1229 723 tam
1246 649 1502 726 excellentibus
1516 653 1717 728 boniseau·
1745 693 1754 699 -
1801 699 1805 706 -

14 773 15 788 κ
85 740 158 814 dete
167 740 248 838 jure
259 760 380 838 potes,
396 763 479 834 quae
490 741 529 821 in
542 762 657 814 unum
674 741 800 816 collata
811 741 901 818 sunt.
952 743 1002 820 Et
1017 771 1113 820 nune
1131 746 1340 843 remordet,
1356 751 1465 824 unico
1484 749 1620 826 &levis
1636 775 1713 828 nno

84 838 174 914 bono
189 836 359 935 fraudari,
373 837 411 912 ἃ
431 840 468 912 itt
482 859 578 914 tanta
592 861 716 914 rerum
729 842 896 916 omnium
910 841 1123 943 spoliatione
1139 845 1212 918 levi
1228 845 1344 942 aliqua
1360 843 1611 924 deminutione
1624 839 1713 925 mul·
1730 921 1735 927 .

83 938 146 1012 tari.
194 934 314 1038 Qrod
328 957 531 1034 quantaque
551 959 616 1013 tuo
631 935 755 1012 labore
770 937 915 1036 quaesita
932 942 972 1018 dt
995 940 1143 1020 collesla
1161 939 1270 1020 sunt?
1295 967 1377 1040 quae
1398 966 1457 1020 tua
1473 949 1607 1022 virtute
1630 974 1714 1049 per·

80 1033 185 1111 sella?
206 1035 340 1133 quibus
351 1057 392 1109 tu
409 1038 631 1112 ornamentis
653 1035 899 1135 presidiisque
916 1038 1130 1116 redundas?
1156 1063 1197 1117 ut
1217 1041 1276 1116 vel
1293 1031 1332 1116 in
1349 1041 1606 1142 invidiamque
1622 1046 1712 1124 odio

80 1135 165 1236 apud
180 1130 417 1210 nobiliffimos
435 1135 604 1221 homines
624 1137 677 1209 tui
688 1136 780 1210 novi
793 1135 953 1215 hominis
966 1141 1084 1214 virtus
1097 1137 1313 1214 &industria
1329 1139 1503 1218 videatur.
1555 1142 1653 1218 Cum
1664 1144 1716 1218 illi
1734 1165 1736 1168 ·

14 1283 15 1286 =
80 1230 413 1334 velinipso'gloriae
429 1255 543 1334 portu
562 1233 790 1336 naufragium
803 1232 955 1311 fecerint
986 1259 1025 1312 tu
1040 1239 1210 1340 exiguam
1233 1261 1313 1314 acce
1343 1234 1397 1312 isti
1412 1239 1580 1317 in'uriam
1596 1243 1633 1318 dt
1652 1265 1713 1342 pe-

81 1357 119 1406 ne
133 1333 276 1430 nullam,
289 1333 355 1428 qui
370 1331 462 1408 hanc
484 1333 539 1408 rei
556 1331 735 1408 familiaris
760 1333 940 1408 lacunam
982 1337 1046 1410 elle
1068 1335 1238 1438 explebis.
1328 1361 1371 1411 ua
1395 1267 1538 1439 respicis
1562 1341 1714 1437 quidem

80 1431 221 1530 mala&
242 1451 383 1506 tantum
397 1433 557 1531 privata:
582 1455 650 1506 nee
665 1430 782 1528 vides,
825 1457 881 1506 uae
894 1432 1000 1509 nobis
1020 1436 1222 1532 imminent,
1242 1433 1393 1536 publica.
1419 1437 1566 1538 Qranta
1588 1463 1713 1514 rerum

80 1528 271 1606 nostrarum
287 1531 440 1606 varietas
454 1532 569 1605 atroci
586 1529 661 1605 hoc
680 1529 717 1604 dt
743 1529 779 1603 di
821 1531 878 1604 cili
898 1531 1002 1632 Reip.
1026 1531 1218 1632 tempores
1236 1555 1276 1608 ut
1299 1557 1410 1610 nemo
1433 1537 1712 1637 propemodum

81 1627 305 1728 conjedando
322 1627 453 1725 assequi
467 1627 587 1728 poffit,
602 1631 666 1726 qui
686 1627 806 1704 cursus
819 1651 954 1726 rerum,
972 1633 1035 1727 qui
1052 1635 1167 1707 exitus
1186 1630 1329 1708 futurus
1355 1631 1407 1707 fit.
1471 1634 1598 1736 Qram
1613 1638 1713 1711 inva-

79 1728 181 1804 lidum
194 1727 244 1804 est
258 1728 386 1830 legum
398 1723 599 1806 auxilium?
625 1753 701 1824 quo
715 1727 880 1826 prolapsa
898 1729 1036 1804 illarum
1050 1727 1290 1806 sanslionibus
1304 1728 1480 1809 custodita
1494 1730 1712 1834 disciplina?

79 1826 261 1931 Rogantur
276 1851 400 1924 uovae,
421 1848 639 1927 rumpentur
656 1848 813 1928 rogatam
834 1826 978 1923 judiciis
999 1830 1131 1924 iniquis
1152 1827 1364 1904 exsorbetur
1395 1830 1536 1934 sanguis
1554 1835 1712 1925 civium3

14 1945 15 1964 ²
81 1951 163 2022 quos
182 1953 260 2005 non
273 1928 323 2000 ini
352 1951 407 2000 uae
421 1926 539 2000 litium
553 1925 731 2025 procellae¹
737 1945 965 2024 pervertunt,
982 1925 1112 2022 quibus
1128 1926 1222 2026 saepe
1238 1927 1283 2002 ab
1300 1927 1356 2002 his
1373 1931 1410 2002 in
1423 1931 1577 2029 majores
1591 1932 1714 2030 plagas
1771 1990 1775 1998 .

14 2065 15 2078 κ
79 2025 334 2102 incidendume
372 2021 474 2100 ?his
486 2045 559 2099 tam
575 2025 674 2100 malis
695 2025 977 2124 temporibus&
991 2026 1301 2122 moribus,annon
1315 2023 1484 2104 secundas
1499 2051 1608 2126 atque
1623 2052 1711 2128 pro·

14 2119 16 2130 “
78 2123 155 2200 lixas
168 2125 242 2223 ejus
260 2147 317 2200 res
335 2123 508 2220 dicemus,
524 2125 588 2222 qui
601 2125 756 2198 minimo
781 2130 864 2198 cuin
878 2121 1013 2219 damno
1028 2148 1073 2198 ex
1087 2125 1144 2199 illa
1156 2123 1250 2224 Rep.
1265 2125 1475 2202 evolaverit.
1526 2127 1588 2202 Tu
1604 2150 1713 2224 veru,

14 2285 15 2290 ,
79 2227 134 2322 qui
153 2226 188 2302 dt
205 2223 281 2326 ipss
297 2221 462 2323 praesrdia
477 2222 543 2297 tibi
557 2223 739 2324 genueris,
748 2219 1069 2323 optimosliberos,
1081 2222 1312 2298 fortunarum
1330 2245 1471 2300 tuarum
1497 2227 1624 2325 pattici
1655 2250 1713 2300 es:

14 2331 15 2338 ’
79 2326 134 2420 qui
145 2349 211 2400 nos
225 2324 479 2424 plurimosque
494 2323 580 2396 alios
597 2320 642 2396 ad
657 2344 754 2397 tuum
766 2323 959 2396 amicitiam
973 2319 1228 2424 aggregavilli,
1243 2331 1376 2398 omnes
1386 2347 1513 2421 amore
1527 2348 1567 2399 ac
1584 2349 1607 2399 o
1649 2324 1714 2398 ciis

14 2459 16 2520 3
79 2419 368 2526 flagrantissimos,
387 2423 452 2518 qui
469 2417 727 2496 cousuetudine
741 2419 962 2516 quotidiana,
976 2417 1223 2516 familiaritate,
1241 2421 1352 2518 aditu,
1375 2444 1446 2498 con
1477 2420 1631 2499 reffione
1646 2437 1712 2496 110²
1775 2425 1792 2467 ’-

14 2577 15 2580 ,
78 2519 138 2597 stra
152 2523 289 2620 storria,
307 2520 583 2618 seriajocosque
604 2518 796 2598 nobiscum
817 2517 991 2611 celebres,
1014 2516 1071 2592 his
1089 2519 1224 2618 opibus
1247 2519 1344 2615 quast
1366 2543 1435 2619 per
1447 2445 1575 2596 ddum
1592 2521 1629 2596 dt
1643 2542 1713 2619 petr

14 2645 16 2704 :
78 2623 327 2725 negligentiam
340 2617 563 2694 hunccasum
579 2613 684 2694 tu'utn
696 2615 911 2690 sustentabis.
961 2613 1073 2689 Nosti
1087 2613 1290 2716 ipse,quam
1305 2615 1373 2691 srnt
1384 2618 1500 2713 multi,
1509 2620 1713 2718 iiqueopri·

14 2739 16 2760 ²
78 2725 124 2795 mi
137 2724 215 2820 viri,
228 2721 293 2820 qui
304 2717 479 2816 judicium
494 2717 540 2796 de
553 2739 589 2792 te
600 2715 726 2811 latum,
744 2737 822 2789 non
845 2715 1075 2814 cogitationis
1096 2734 1235 2788 tantum
1255 2716 1363 2788 tacito
1390 2717 1560 2816 convicio
1585 2717 1711 2791 verbe·

14 2895 15 2898 ,
77 2843 161 2918 rent,
174 2817 232 2894 sed
249 2819 287 2894 dt
301 2839 432 2922 magua
446 2818 549 2891 vocis
562 2814 726 2889 libertate
738 2809 993 2913 perstringant.
1042 2810 1099 2886 Ac
1112 2810 1217 2909 nolli,
1237 2835 1319 2909 quae
1333 2810 1377 2888 fit
1389 2813 1624 2908 quorundam
1639 2816 1712 2906 ani-

78 2922 125 2994 mi
136 2917 300 2996 infraslio
313 2917 351 2992 dt
368 2913 530 2992 demillto
544 2912 648 2996 sunili
663 2933 752 2988 nutu
773 2936 814 2987 ac
835 2931 968 2986 renutu
990 2911 1096 2991 unius
1113 2911 1332 3012 potentioris
1353 2911 1515 2987 hominis
1541 2934 1640 2988 voto·
1655 2937 1713 3014 ,re-

14 3053 15 3070 t
76 3017 344 3118 spondentium:
371 3036 505 3112 quanta
518 3012 627 3089 fuerit
639 3014 677 3087 in
695 3009 762 3086 hac
773 3009 847 3112 ipsa
862 3031 921 3086 tua
940 3009 1037 3087 causa
1051 3008 1291 3088 honestorum
1308 3010 1503 3086 hominum
1518 3009 1709 3110 dubitatio,

77 3116 257 3218 haefitatio,
271 3113 477 3212 tutiusque
497 3113 708 3189 verborum.
760 3111 804 3186 ln
821 3134 916 3208 quae·
928 3111 1050 3186 omnia
1068 3109 1131 3186 ubi
1142 3147 1145 3152 ·
1157 3109 1483 3186 confideretionem
1502 3109 1713 3210 intenderis,

75 3240 148 3292 non
164 3217 380 3314 turbulente,
395 3211 611 3289 sed-filenno
626 3207 797 3306 serrehas
812 3211 931 3311 plagas
948 3207 1068 3286 debes.
1093 3211 1158 3283 Me
1175 3211 1324 3307 quidem
1337 3228 1433 3306 certe
1454 3208 1714 3285 tuarumaslio-

76 3339 171 3416 num,
186 3315 436 3392 sententiarum
451 3382 452 3388 ,
465 3313 706 3410 voluntatum,
731 3333 854 3384 rerum
873 3308 1031 3404 denique
1049 3309 1216 3384 omnium
1232 3307 1369 3382 socium
1390 3307 1636 3405 comitemque
1652 3309 1713 3384 ha·

76 3413 185 3514 bebis,
198 3415 235 3490 er
248 3411 337 3489 illud
351 3371 536 3514 prosedo,
552 3409 651 3510 mihi
669 3431 705 3487 te
728 3428 849 3508 neque
873 3407 1051 3510 cariorem
1081 3429 1201 3503 neque
1226 3402 1484 3505 jucundiorem
1504 3430 1713 3506 quenquam

77 3514 149 3617 else,
171 3509 379 3618 cognosces·
1126 3535 1129 3545 ’
1635 3521 1639 3528 “

425 3681 1198 3855 AliaConsolatoriaeprist.[t4.
1224 3697 1359 3850 lib.5.
1666 3763 1669 3768 ·
1726 3749 1777 3827 24

166 3921 285 4021 Ntbil-
297 3919 417 3997 adme
432 3917 615 3996 literarum
635 3907 807 3996 haetenus
827 3910 951 4020 datum
965 3915 1065 3993 fuisse
1079 3910 1195 4002 miror
1211 3907 1393 4010 equidem,
1403 3927 1487 3988 cum
1499 3897 1715 4023 tefrnequen·
1834 3929 1836 3934 ⁸

73 4037 142 4095 tent
153 4024 193 4098 in
208 4025 284 4099 hoe
298 4019 421 4096 officio
434 4019 680 4094 invenerimus
694 4015 856 4118 semper3
876 4016 942 4102 nist
949 4017 1045 4092 sorta
1053 4017 1091 4088 in
1099 4011 1262 4086 museum
1269 4032 1373 4088 tuum
1380 4003 1599 4103 teabdidrstr,
1608 4025 1716 4100 atque

72 4119 117 4192 ibi
129 4119 248 4199 Mufis
267 4143 410 4234 vacans,
423 4115 559 4213 aliquid
576 4116 686 4190 literis
702 4118 861 4215 mandas,
874 4113 1127 4216 quodnotnini
1137 4134 1201 4191 tuo
1211 4111 1519 4186 immortalitatem
1528 4107 1652 4216 pariat,
1678 4099 1717 4177 ὃ(

73 4216 186 4298 doliis
202 4218 245 4296 lit
262 4223 302 4296 in
316 4235 447 4392 pretio.
499 4203 656 4316 Qodfi
672 4217 720 4290 ita
733 4213 1040 4300 eli-,vehementer
1047 4209 1155 4287 laudo
1169 4208 1368 4308 confilium,
1377 4206 1480 4305 quod
1488 4205 1544 4283 his
1553 4199 1716 4279 fontibus
1781 4282 1783 4296 ¹

74 4317 303 4424 exstinguere
343 4319 487 4393 olorem
498 4336 601 4389 tuum
610 4305 1134 4417 velis,quossapientiaipsatibi
1145 4311 1332 4480 propinat}
1376 4308 1449 4404 Sin,
1458 4301 1561 4418 qupd
1574 4317 1718 4414 vereor,

73 4413 208 4494 doloris
223 4441 266 4496 te
285 4417 517 4492 vehementia
529 4411 573 4488 ab
589 4413 784 4489 hominum
795 4413 1053 4490 consuetudine
1065 4431 1204 4506 avocat,
1230 4402 1719 4518 usiurtuoqussnmmorrtw

72 4537 160 4622 turn,
168 4543 218 4598 ex
225 4513 563 4622 legefatniliatitatis
570 4507 702 4592 nosttae
711 4513 875 4596 acerbam
882 4517 934 4628 in,
941 4535 977 4592 te
989 4510 1200 4592 senteutiam
1218 4506 1439 4608 pronuncio,
1455 4519 1496 4583 ut
1510 4523 1575 4625 qur
1588 4523 1719 4677 magpp

1709 4653 1721 4702 a
