3894 5226
241 275 317 349 914
374 305 377 312 .
777 237 942 364 sautu.
976 247 1125 326 ruem.
1183 201 1341 326 rusie
1483 283 1486 303 ·
1547 269 1551 276 ·

248 423 321 496 dis:
340 419 403 523 sid
420 440 455 492 ea
471 434 576 490 tamen
588 413 746 489 dulcedine
755 414 985 518 permnfinvis
999 415 1217 516 &jucundum
1240 416 1328 517 quod
1349 416 1431 488 idem
1457 424 1591 490 omnium
1612 419 1759 520 uersuum
1781 422 1889 519 curfin,

247 524 331 596 edem
346 543 446 603 tenor,
463 518 541 592 nibil
559 523 700 600 mutarit,
714 540 793 616 quas
808 535 933 601 uocant,-
947 517 1076 615 casuris,
1089 525 1244 599 varietur,
1258 521 1308 600 ut,
1335 523 1391 618 qui
1413 537 1480 589 tres
1499 543 1627 592 nrcmero
1648 519 1756 620 ucrficr
1780 523 1889 621 legerit,

249 625 487 720 omnerleg'erit.
537 615 611 714 Pro
639 611 845 689 Christiano
865 639 949 689 eum
963 614 1098 690 habent
1117 613 1237 712 aliqui,
1261 613 1320 688 sed
1334 639 1406 716 pro
1451 617 1551 692 entili
1570 619 1747 718 plerique,
1772 619 1890 694 Auru·

168 743 170 751 ’
250 719 386 796 stiniac
403 713 530 794 Orosri
547 713 761 790 testimoniis
776 711 926 788 subnixi.
975 715 1143 790 Barthius
1167 711 1315 788 Vislori
1335 641 1499 790 Grsedno
1525 719 1638 816 praei
1667 741 1713 792 ue
1736 715 1815 792 indi
1835 689 1889 792 Dna

201 801 215 838 ¹
249 843 320 918 tur,
335 816 440 916 quod
454 817 494 914 is,
511 815 600 889 dum
614 809 803 887 Prudentii
819 814 992 889 nonnulla
1006 814 1086 889 loca
1103 831 1253 911 enarrat,
1271 809 1511 888 Claudianum
1525 815 1563 890 dt
1574 742 1783 890 Aulirnium
1857 823 1891 891 ri·

80 995 83 1004 ,
159 947 165 954 ·
247 917 380 994 silanos
394 913 506 1013 fuisse,
519 905 580 988 sed
596 911 852 1015 aSymmaclro
867 911 1078 1016 paganismo
1094 911 1258 988 redditos
1286 909 1514 988 confidenter
1532 909 1744 1012 affirmavit,
1768 915 1891 1014 absque

141 1046 142 1054 ¹
188 1097 192 1102 ,
245 1041 371 1095 tamen
382 1013 509 1092 addito
530 1012 604 1086 ullo
626 1017 733 1100 tantae
748 1007 945 1086 assertionis
961 1009 1180 1088 testimonio.
1206 972 1285 1112 ipse
1297 1007 1542 1116 simulatorem
1557 1011 1672 1088 credit
1688 1011 1793 1088 fuisse
1802 1014 1894 1090 Clau·

250 1119 412 1213 dianum,
425 1114 583 1190 animive
596 1109 760 1207 dubitun,
775 1112 838 1206 qui
851 1133 959 1184 neca
983 1108 1268 1208 Christianismo,
1291 1134 1357 1185 nec
1380 1135 1399 1184 a
1423 1111 1636 1214 paganismo
1656 1111 1893 1212 abhorruerit,

246 1217 299 1306 ub,
311 1221 337 1289 1.
352 1213 519 1314 Adverscr.
536 1235 600 1298 c.17.
650 1210 748 1312 Quae
766 1232 858 1284 vero
877 1207 1050 1284 sententia
1063 1209 1129 1284 suo
1143 1207 1289 1286 auctori«
1300 1208 1547 1308 relinquenda.
1598 1211 1792 1288 Memorat
1813 1214 1895 1290 Gre

278 1317 377 1392 orius
400 1315 492 1411 Leti,
505 1311 582 1388 Ital.
599 1309 788 1412 Regnante
801 1307 841 1386 P.
850 1307 915 1383 IV.
931 1309 951 1382 l.
959 1307 1020 1386 lli.
1030 1335 1067 1412 p.
1079 1335 1121 1408 33
1131 1335 1160 1408 5.
1215 1309 1546 1406 Maz'zamaliquem
1560 1311 1686 1385 Vitam
1701 1309 1894 1409 Claudiani,

303 1413 536 1530 Analogiam,
553 1408 656 1509 quod
677 1408 787 1484 fuerit
809 1405 1046 1507 Christianus,
1058 1473 1060 1480 n
1073 1405 1321 1508 conscripsisse.
1371 1409 1463 1482 Aliis
1482 1409 1596 1512 longe
1616 1409 1733 1508 sarius,
1750 1433 1794 1488 ut
1807 1411 1894 1486 vide·

227 1537 321 1614 tur,
335 1535 494 1590 carmma
507 1514 545 1586 i'n
561 1506 698 1586 Christi
715 1510 898 1584 honorem
915 1505 1055 1608 scripta,
1069 1533 1152 1604 qua:
1166 1509 1260 1582 inter
1275 1505 1492 1582 Claudiauea
1514 1511 1762 1610 reperiuntur,
1776 1512 1821 1586 ad
1836 1509 1896 1585 Da-

249 1613 387 1691 masum
430 1613 595 1688 attinere.
650 1605 872 1684 Prodierunt
902 1605 1030 1707 Opera
1047 1603 1239 1682 Claudiani
1260 1631 1343 1680 cum
1365 1608 1461 1682 notis
1481 1606 1543 1681 Ste
1572 1608 1607 1681 h.
1633 1603 1808 1710 Clauerii,
1827 1612 1895 1703 Jrni

160 1799 164 1808 ,
248 1713 383 1791 Parrha
399 1713 491 1812 rt&
506 1711 625 1787 Marci
638 1707 725 1783 Ant.
738 1705 857 1782 Detrii
870 1705 974 1780 Paris
987 1706 1032 1780 A.
1055 1721 1157 1804 1602..
1178 1707 1216 1782 in
1231 1730 1264 1800 4.
1314 1705 1392 1798 Jam
1407 1711 1510 1780 antea
1583 1705 1668 1782 eod.
1685 1707 1896 1785 Pulmnnnus

251 1809 507 1910 Claudianum,
542 1835 617 1911 ope
632 1829 799 1884 veterum
826 1805 996 1880 codicum
1015 1801 1228 1904 restituerat,
1249 1801 1481 1904 emiseratque
1506 1805 1545 1880 iu
1564 1806 1683 1882 lucem
1709 1808 1894 1910 Antwerp.

254 1912 417 2008 1571.in
438 1917 486 1983 ro.
535 1907 633 1984 Cum
662 1905 766 2008 Casp.
789 1905 929 1980 Barthi‘r
953 1908 1219 1981 commentario
1240 1903 1352 2002 vasto,
1385 1902 1447 1979 sed
1485 1903 1754 1982 mendosrssrme
1793 1908 1893 2003 edito,

247 2011 389 2111 prodiit
402 2007 595 2086 Cladianus
608 2007 818 2106 Hamburgi
837 2013 941 2100 1650.
957 2006 995 2079 in
1010 2031 1044 2100 4.
1061 2006 1228 2104 cumjam
1242 2027 1288 2078 ex
1302 2001 1463 2102 ejusdem
1479 2005 1747 2104 emendatione,
1763 2008 1803 2084 u
1822 2033 1894 2082 cum

247 2105 603 2192 animadversionum
628 2105 738 2202 libris,
769 2126 872 2180 antea
894 2105 940 2178 A.
962 2111 1065 2180 1612.
1084 2105 1229 2180 minore
1242 2101 1361 2178 forma
1378 2103 1416 2175 in
1433 2115 1465 2188 8.
1484 2101 1669 2190 Hanovite
1694 2103 1819 2182 lucem
1844 2106 1891 2182 ad·

112 2275 117 2285 ,
251 2205 425 2309 spexilset.
470 2205 567 2280 lude
578 2208 702 2280 Nicol.
720 2202 902 2299 Heinsius,
917 2202 1105 2280 Claudiani
1128 2205 1335 2302 praecipuus
1352 2199 1496 2298 Cultor,
1510 2203 1611 2278 illum
1626 2201 1742 2278 edidit
1760 2208 1818 2281 ele
1862 2231 1890 2280 n-

252 2307 383 2386 rilsrme
398 2304 619 2415 impressum,
634 2327 717 2378 cum
732 2304 842 2400 noris,
857 2301 1030 2402 Lugduni
1043 2299 1168 2375 Batav.
1193 2309 1292 2394 ¹⁶4¹·
1308 2304 1346 2374 in
1365 2326 1418 2376 12.
1434 2304 1497 2473 qui
1517 2303 1555 2374 in
1567 2301 1692 2379 multis
1707 2325 1818 2406 repre
1845 2331 1891 2380 en·

134 2491 137 2496 ,
251 2409 305 2483 dir
319 2405 523 2502 Boethium,
542 2430 625 2478 eum
641 2406 738 2478 notis
754 2403 952 2497 variorum,
967 2398 1180 2498 Heinstique
1193 2402 1357 2502 integris,
1373 2423 1442 2474 eun
1471 2423 1528 2472 em
1543 2399 1695 2478 Poetam
1719 2405 1829 2486 nobis
1844 2404 1890 2479 de-

253 2506 307 2582 dit
331 2504 447 2580 Corn.
462 2503 690 2577 Schrevelius
706 2499 824 2603 Lugd.
839 2499 965 2576 Butae.
980 2499 1026 2572 Α.
1048 2501 1140 2592 16⁶5.
1156 2501 1193 2574 in
1208 2527 1242 2596 4.
1291 2499 1333 2573 In
1355 2497 1458 2576 usitm
1479 2496 1656 2604 Delphini
1675 2503 1754 2604 ejus
1777 2505 1891 2582 editio

254 2623 341 2685 nem
358 2603 562 2702 adornavit,
582 2603 789 2700 cum‘notis,
801 2597 927 2675 Guilh.
941 2598 1107 2700 Pyrrhus
1126 2607 1229 2698 1677.
1251 2597 1356 2675 Paris.
1371 2599 1410 2675 in
1423 2624 1462 2698 ¹a.
1574 2600 1583 2608 “

190 2807 215 2876 7
245 2853 250 2856 -
353 2801 516 2882 Accedat
530 2803 656 2880 tertius
671 2799 783 2878 Poeta
797 2798 856 2877 sed
874 2797 971 2878 haud
995 2797 1105 2876 dubie
1125 2793 1373 2900 Christianae,
1398 2803 1637 2904 optimusque
1657 2826 1812 2884 motum
1831 2830 1892 2882 ma·

281 2902 375 3002 ister,
398 2907 482 2980 licet
513 2927 591 2979 non
630 2903 773 2976 otima
791 2903 933 3004 semper
957 2923 1035 2976 arte
1054 2901 1212 2974 carmina
1317 2899 1432 3003 gerrdi
1462 2899 1667 3001 instrusius,
1692 2907 1786 2980 AU
1811 2905 1892 2982 RE·

251 2931 388 3078 ilus
423 3003 541 3078 PRU
549 2999 627 3076 DE
690 3001 831 3074 TIUS
842 3028 853 3095 3
886 3023 997 3098 quem
1017 2997 1109 3076 adeo
1124 3003 1162 3076 in
1180 3025 1249 3075 ocu
1265 3003 1293 3075 is
1308 3000 1388 3078 tulit
1404 3003 1625 3102 miratusque
1639 3001 1690 3078 est
1707 3007 1800 3081 olim
1824 3008 1893 3082 Lu·

253 3125 325 3176 cns
353 3099 674 3198 Hotsrautu'S,
705 3121 745 3173 ut
772 3101 927 3192 animam
960 3099 1035 3197 jam
1064 3123 1175 3214 agens
1202 3123 1242 3194 ac
1275 3099 1516 3176 moribundus
1569 3127 1607 3176 er
1626 3103 1894 3182 Ferdinandum

196 3226 200 3237 ·
252 3197 470 3276 Fiirslenber
498 3202 583 3296 um,
600 3197 1118 3298 incomparabiliseruditioms
1137 3197 1343 3300 Principem
1392 3199 1430 3273 dt
1454 3197 1526 3300 Epi
1542 3225 1679 3302 copum
1702 3201 1828 3304 postea
1842 3205 1895 3278 Pa·

208 3325 211 3330 ·
252 3225 508 3374 derbbrnens1
500 3324 537 3373 m
555 3323 596 3374 ac
610 3294 942 3396 Monulleriensem,
967 3297 1151 3398 hymnum
1165 3321 1249 3372 eum
1269 3321 1314 3373 ex
1335 3257 1603 3376 Cathemerinis
1638 3301 1896 3398 Prudentianu,

205 3413 207 3418 ’
252 3401 316 3497 qui
335 3397 510 3496 exsequiis
525 3395 784 3473 deiunslorum
806 3395 923 3494 datur,
944 3398 1085 3471 recitari
1102 3397 1272 3494 voluerit,
1291 3417 1399 3494 arque
1416 3421 1462 3470 eo
1483 3397 1591 3498 palio
1607 3401 1645 3473 in
1665 3399 1834 3478 solatium
1849 3405 1895 3476 ui·

250 3523 297 3574 tae
312 3499 472 3573 melioris
493 3519 617 3572 mente
639 3493 780 3572 etesius
804 3497 1044 3598 expiraverit:
1067 3491 1247 3570 referente
1259 3498 1296 3570 in
1310 3493 1752 3599 Epistola'nuncupatoria
1765 3501 1810 3576 ad
1818 3503 1895 3578 Fer·

251 3593 450 3673 dinandum
464 3596 550 3671 Nic.
561 3593 724 3692 Heinsio,
734 3597 808 3692 qui,
818 3591 901 3696 post
914 3596 1068 3670 aliorum
1082 3597 1248 3670 omnium
1267 3595 1421 3695 labores,
1437 3597 1474 3670 in
1490 3595 1690 3696 Prudentio
1707 3601 1893 3675 emendan-

157 3725 191 3790 χ
225 3703 230 3715 “
250 3696 314 3796 do,
328 3697 519 3798 egregiam
531 3694 636 3794 plane
651 3717 802 3794 operam
820 3695 976 3791 navavit,
993 3673 1178 3792 ediditque
1194 3693 1328 3768 librum
1343 3693 1545 3770 nitidillima
1554 3694 1717 3774 editione
1732 3699 1832 3799 apud
1844 3699 1893 3774 El

250 3797 409 3872 zevirios
422 3791 621 3867 Amstelod.
648 3799 748 3882 1667.
766 3795 804 3867 in
824 3815 877 3868 12.
927 3794 1046 3884 Antea
1065 3791 1206 3868 dudum
1222 3793 1354 3867 Vislor
1372 3791 1552 3870 Giselinus
1567 3795 1812 3875 Prudentium
1828 3800 1892 3874 edi-

233 3897 363 3994 derat,
373 3893 507 3994 }undlis
528 3915 678 3989 quoque
694 3891 890 3966 Theodori
903 3891 1095 3966 Pulmanni
1107 3894 1215 3989 notis,
1237 3891 1432 3994 Antwerp.·
1445 3894 1491 3966 A.
1513 3911 1617 3987 15⁶4·
1632 3899 1670 3970 in
1687 3911 1721 3981 8.
1771 3901 1891 3974 Vario

223 4059 225 4063 .
250 4021 334 4071 rum
348 3993 647 4070 Commentarios
661 3993 825 4092 integros
842 3993 1000 4092 collegit,
1016 4013 1126 4088 atque
1137 4015 1297 4066 unacum
1312 3989 1522 4090 Prudentio,
1537 4019 1556 4067 a
1572 3993 1609 4068 se¹
1620 3991 1804 4098 castigato,
1814 4002 1891 4073 emi·

249 4093 293 4169 lit
314 4089 754 4189 Joh.·Weizius,Hanov.
777 4092 926 4178 totuin
943 4104 973 4176 8.
990 4115 1072 4186 quae
1087 4089 1199 4164 editio
1251 4088 1501 4166 taestantilsrma
1523 4091 1582 4166 est.
1660 4093 1893 4174 Ceterumiu

249 4193 442 4295 systemate
453 4189 648 4266 Poetarum
666 4185 968 4287 Christianorum,
982 4213 1001 4262 a
1017 4189 1159 4291 Georg.
1175 4113 1339 4264 Falricio
1356 4187 1455 4272 edito
1470 4188 1613 4267 Basrleae
1635 4191 1708 4268 An.
1733 4206 1839 4296 1564.
1858 4203 1892 4270 in

252 4315 330 4391 uto,
345 4289 564 4368 Prudentius
605 4309 728 4384 uoque
744 4287 868 4362 loeum
883 4287 1159 4385 haudquaquam
1175 4286 1487 4363 infimumtuetur.
1499 4289 1722 4369 Suntautem
1742 4297 1793 4371 illi
1805 4297 1892 4372 Poe·

248 4409 307 4490 rae,
324 4390 568 4490 quicorpore'
604 4389 884 4484 ocontinentur,
894 4386 1151 4480 Tertullianus,
1173 4385 1393 4486 Cyprianus,
1419 4386 1633 4476 Vislorinus
1665 4393 1892 4472 Pitabionen·

250 4488 308 4594 ssa,
323 4491 342 4588 J
347 4511 520 4590 uvencus,
535 4487 706 4585 Hilarius,
724 4483 903 4586 Paulinus,
920 4484 1147 4585 Ambrosius,
1165 4483 1338 4598 Damasus
1350 4486 1458 4589 Papa,
1476 4487 1889 4610 ultramontanum.

576 4635 578 4638 ·
938 4623 947 4648 ··
1614 4651 1618 4658 ·
1732 4617 1891 4694 ,continu

283 3079 287 3088 ι
