3908 5230
292 273 373 376 cop,
397 224 563 352 Xll'De
579 265 927 358 Autoribosnrioo
950 269 1157 408 lingulaca
1176 269 1492 394 AEtotrArgutten
1533 320 1537 325 ’
1636 295 1712 383 075

65 442 143 518 locu
172 443 328 541 letatum,
343 437 521 519 unacum
535 443 697 538 Thomae
721 441 877 538 Reinesti
897 441 934 517 dt
956 443 1037 520 ¹Ilm.
1060 443 1228 522 Ballialdi
1251 445 1470 540 quibusdam
1487 448 1711 532 animadver-

66 469 232 639 fionilus,
247 544 690 646 Argentinae'prncuravit
702 545 784 637 Joh.
799 543 915 620 Henr.
932 543 1115 620 Boeclerus
1130 544 1176 618 A.
1197 552 1300 642 1655.
1317 547 1355 660 in
1374 574 1409 643 4
1486 549 1710 662 Quanquam

66 664 310 738 verotantum
324 642 418 728 fibii
445 642 471 718 li
487 643 651 720 tribuerit
665 643 833 740 Scalioer,
852 664 892 719 ut
908 647 1092 740 neminem
1115 647 1172 742 ita,
1194 667 1309 745 prout
1324 646 1411 748 ipse,
1428 648 1632 754 Manilium,
1653 659 1714 734 in·.

63 743 222 846 telligere
237 741 350 842 polle,
363 744 397 841 ja
435 746 541 841 irarit,
560 709 781 839 Juniumqu‘d
794 741 960 820 accusarit
982 743 1097 818 delirii
1121 745 1170 820 ob
1186 765 1358 822 tentatam
1380 747 1551 826 locorum
1569 752 1725 852 aliquot-

63 841 370 919 corredlionemin
382 848 800 944 Excerpt.,l'oreoo.p.215.
823 865 901 936 non
912 843 1053 944 semper
1069 863 1191 922 tamen
1205 870 1270 921 acu
1280 867 1359 924 rem
1385 846 1538 951 tetigisse
1555 851 1712 956 Scalige·
1749 906 1755 913 -

61 965 153 1040 tum,
167 940 227 1016 sed
243 945 284 1018 in
296 941 609 1018 emendationibus
625 945 755 1018 crebro
770 941 970 1045 impegisse,
984 944 1179 1041 aliquando
1195 945 1366 1031 nonsatis
1391 947 1484 1024 bene
1498 951 1711 1034 intellexisse

60 1041 262 1140 Manilium,
279 1040 384 1142 Casp.
399 1042 567 1118 Batthius
585 1041 716 1142 ,pallini
736 1043 776 1116 in
788 1039 1014 1120 Adversariis
1036 1045 1302 1144 animadvertit,
1325 1051 1346 1118 l.
1363 1052 1394 1120 l.
1417 1077 1445 1124 c.
1465 1068 1495 1131 s.
1520 1057 1575 1125 IV.
1598 1077 1629 1144 3.
1651 1059 1707 1135 Vl

60 1165 95 1210 ro.
111 1146 227 1227 XVIII,
241 1167 278 1216 iz.
293 1139 337 1214 θ’
355 1161 393 1232 ιε,
408 1147 513 1212 llll
526 1171 535 1212 r
536 1167 569 1228 5·
582 1138 626 1216 εἴ
626 1171 651 1212 c.
703 1142 783 1243 Qi
803 1141 841 1216 u
856 1141 982 1218 Franc.
1001 1142 1149 1236 Junium
1172 1170 1302 1246 parum
1324 1169 1460 1224 attente
1480 1151 1608 1228 codice
1630 1152 1709 1256 suo,

59 1263 169 1334 quem
185 1237 425 1342 postmodum
442 1242 613 1332 ,Bartltius
633 1244 741 1316 etiam
755 1241 922 1340 inspexit,
943 1239 1046 1318 usum
1067 1243 1243 1320 observat.
1319 1246 1551 1330 Colomefiua
1571 1263 1604 1328 in
1622 1261 1708 1358 opu.

48 1337 145 1434 siulis
160 1365 196 1440 p.
214 1365 294 1416 rot.
310 1339 416 1442 casp.
438 1341 667 1438 Gerartium,
684 1344 743 1438 ait,
759 1341 823 1418 sibi
838 1339 1113 1421 commentaria
1133 1347 1173 1420 in
1190 1345 1396 1445 Manilium,
1407 1350 1483 1445 jam
1508 1375 1630 1451 parata
1650 1378 1708 1456 ry.

55 1440 123 1536 pis,
143 1441 182 1514 dt
201 1439 425 1542 propediem
439 1439 589 1538 edenda,
604 1437 820 1516 monstrasse.
881 1441 989 1516 Nihil
1014 1465 1137 1532 tamen
1151 1467 1281 1522 eorum
1297 1447 1448 1546 prodiit.
1513 1452 1708 1535 ,Salmasius

56 1561 147 1612 vero
170 1541 326 1615 multum
342 1538 488 1616 inseruit
508 1539 661 1614 Manilio
674 1539 883 1616 illustrando
910 1563 988 1616 tum
1011 1544 1050 1616 in
1073 1541 1596 1652 ExercitationibusPlinianis,
1627 1575 1709 1632 tum

54 1635 91 1709 in
105 1635 269 1714 Diattiba
286 1637 331 1713 de
357 1638 475 1715 Annis
494 1637 755 1716 Climatlends
770 1641 807 1716 ἃ
827 1640 1045 1746 Astrologiae
1062 1646 1220 1718 veritate.
1271 1645 1313 1719 In
1329 1646 1431 1722 usum
1441 1649 1619 1753 Delphini
1634 1653 1709 1730 edi·

19 1783 25 1786 -
55 1755 112 1811 tus
130 1736 384 1838 cst'Manilius,
399 1765 483 1814 cum
506 1737 755 1814 Commentar.
778 1741 893 1815 Mich.
914 1741 1016 1840 Fayi,
1040 1742 1282 1844 Scaligerique
1312 1743 1349 1822 dt
1370 1745 1447 1824 Pet.
1473 1749 1564 1826 Dan.
1578 1752 1708 1830 Huetii

52 1839 164 1954 notis,
183 1837 288 1912 Paris.
312 1847 415 1932 1679.
437 1842 475 1912 in
503 1867 538 1934 4.
555 1837 682 1913 Guido
711 1840 893 1916 Fabricius
918 1841 1145 1926 Bodetianus'
1166 1844 1360 1922 Manilium
1375 1847 1522 1928 Gallicis
1545 1852 1709 1936 versibus

51 1957 261 2038 exprimere
277 1937 365 2012 olim
382 1941 506 2037 caepit,
518 1940 665 2035 jamque
681 1938 814 2014 librum
832 1943 995 2040 primum
1010 1940 1054 2015 ad
1077 1940 1190 2016 finem
1210 1943 1244 2016 se
1265 1946 1470 2044 perduxille
1492 1949 1537 2025 ad
1553 1953 1709 2056 Scalige-
1729 2013 1733 2020 .

50 2059 137 2112 rum
153 2037 285 2134 scribit,
300 2037 460 2134 reliquos
475 2042 582 2112 etiam
597 2035 812 2136 adjecturus,
826 2038 872 2113 ‘ad
895 2039 998 2138 quod
1022 2045 1223 2143 negotium¹
1246 2069 1346 2121 curas
1365 2047 1617 2154 Scaligerianas
1641 2052 1708 2134 libi
1760 2115 1761 2124 κ
1796 2079 1802 2100 ·

50 2136 170 2213 lonoe
185 2138 384 2236 plurimum
401 2135 610 2236 profuturas
625 2140 682 2212 ait.
699 2139 768 2210 Viri
783 2145 813 2210 E
829 2194 836 2207 .
854 2142 929 2210 Gall.
947 2143 992 2213 ad
1002 2145 1080 2212 Scri.
1094 2146 1114 2215 l.
1129 2148 1211 2246 lep.
1229 2169 1266 2228 17·
1283 2167 1315 2246 p.
1330 2167 1374 2230 28·
1392 2159 1396 2164 ’
1454 2153 1456 2158 ’

118 2205 251 2320 7Cum
269 2237 409 2309 Manilii
423 2235 697 2333 Astronomico,
717 2238 754 2310 in
769 2164 903 2312 Aldina
919 2239 956 2314 dc
973 2241 1209 2344 Hetvagiana
1222 2243 1466 2344 Editiontbus,
1490 2254 1633 2334 excudii
1655 2278 1738 2340 ete

47 2339 126 2410 iam
141 2333 232 2428 soler
250 2333 292 2434 C.
316 2333 429 2428 JUL.
455 2335 683 2414 HYGJNI
708 2339 949 2434 Astronomuum
972 2343 1139 2428 Pollicem,
1162 2341 1221 2418 seu
1238 2347 1378 2441 Historia
1386 2349 1547 2443 fidorum:
1569 2353 1705 2444 fabulas

46 2435 247 2509 decorum
267 2436 306 2508 in
332 2439 465 2532 coelum
483 2435 713 2512 translatione
731 2439 887 2511 narrans.
938 2440 1034 2512 'Non
1049 2444 1087 2515 in
1110 2441 1243 2517 eodem
1267 2468 1357 2543 vero
1380 2450 1501 2546 pretio
1523 2451 1564 2525 H
1584 2459 1703 2558 'ginus

44 2533 150 2636 apud
165 2535 471 2626 omnes‘habetur.
519 2536 712 2632 Nam,-qui
726 2559 818 2608 eum.
828 2533 984 2638 Augusti
999 2536 1147 2613 Caesaris
1169 2541 1340 2616 libertum
1364 2547 1529 2646 credunt,
1552 2479 1705 2653 llolyhi

45 2635 201 2732 liorem,
233 2636 270 2710 dt
294 2635 460 2710 Palatinae
479 2633 720 2710 Bibliothecae¹
738 2633 966 2734 praefettum,
995 2635 1041 2708 de
1070 2662 1147 2732 quo
1171 2635 1365 2717 Suetonius
1393 2647 1469 2744 agit
1498 2647 1544 2720 de
1575 2651 1700 2731 illustr.

46 2735 310 2825 Grammaticis
329 2759 357 2808 c.
375 2759 433 2820 20·
451 2735 504 2811 illi
519 2733 562 2807 ad
577 2753 719 2826 aetatem
740 2753 884 2806 auream
901 2756 986 2838 eum
1011 2734 1184 2835 referunt,
1216 2738 1318 2834 quod
1345 2741 1630 2824 Bountcntus
1651 2752 1701 2828 fa-

45 2841 108 2937 cit,
130 2837 171 2910 ὅ(
186 2834 252 2908 alii.
301 2831 443 2910 Contra
460 2833 656 2908 nonnullos
673 2829 893 2930 deprehensa
909 2834 946 2904 ib
959 2831 1106 2934 Hygini
1120 2833 1259 2936 seriptis
1274 2837 1453 2918 barbaries
1468 2839 1635 2949 offendit,
1654 2877 1702 2929 ne

44 2937 149 3012 idem
169 2931 371 3032 crederent,
388 2933 426 3008 dt
442 2934 581 3008 mentio
592 2932 725 3029 ficorum
745 2937 985 3032 Imperatorum,
1013 2957 1094 3030 quae
1116 2933 1273 3037 Augusti
1299 2961 1383 3014 aevo
1406 2967 1484 3018 non
1508 2952 1700 3047 convente

40 3037 219 3134 adeoque
236 3033 282 3109 ad
290 3033 501 3109 Antoninos
511 3032 637 3132 potius
650 3031 752 3104 illum
766 3026 969 3105 Audorem
979 3031 1210 3108 referendum
1226 3035 1523 3118 censetBsnrut
1534 3071 1582 3122 us
1595 3047 1646 3123 lib.
1661 3057 1703 3125 Π.

42 3133 186 3234 Adonf
200 3162 226 3205 c.
241 3160 286 3219 20,
305 3155 366 3208 aut
380 3134 504 3234 potius
522 3129 896 3232 veterem'Hyginum
911 3131 955 3205 ab
968 3132 1050 3230 alio,
1064 3130 1189 3220 ¹nescio
1211 3161 1300 3232 qua,
1315 3143 1525 3220 recentioris
1544 3151 1615 3224 aevi
1634 3149 1702 3228 ho-

40 3239 251 3312 muncione
265 3231 492 3308 contrabium
516 3254 629 3332 putat,
655 3227 759 3304 simul
782 3230 819 3304 dt
835 3232 898 3303 alia
919 3231 1085 3328 quadam
1109 3257 1154 3306 ex
1177 3234 1250 3309 aliis
1270 3234 1474 3318 Autoribus
1493 3245 1702 3356 constipata,

41 3361 84 3415 ut
100 3361 185 3412 non
201 3337 345 3434 integer
360 3333 541 3433 Hyginus
551 3333 705 3431 amplius
718 3325 878 3430 superfit,
898 3327 959 3404 sed
975 3329 1180 3406 contraditis
1198 3357 1326 3432 parurn
1344 3337 1517 3432 judiciose
1537 3345 1574 3423 dc
1593 3351 1701 3426 intet-

40 3439 208 3530 polatus.
257 3432 379 3506 Priori
406 3431 545 3506 Battltii
563 3431 734 3530 opinioni
754 3453 831 3504 non
855 3429 1011 3504 multum
1044 3427 1251 3506 adversatur
1272 3434 1471 3520 Vossius
1495 3444 1533 3514 de
1557 3449 1699 3522 Scimn'is
1785 3511 1802 3520 -

41 3538 319 3624 illocalitatem,
338 3543 362 3618 ς.
386 3549 424 3617 a,
455 3528 745 3630 &adstipulatur
768 3529 864 3622 Jou.
888 3528 1182 3628 Sauarabatis
1211 3533 1288 3628 qui·
1305 3536 1529 3636 conjunstim
1551 3543 1700 3650 Hygini

42 3657 166 3742 opera
180 3629 389 3733 Hamburgi
407 3631 444 3706 dt
463 3627 726 3704 Amstelodami
742 3629 788 3702 A.
812 3636 915 3724 1674.
938 3629 975 3703 in
993 3641 1024 3716 8.
1048 3627 1172 3727 edidit,
1195 3631 1232 3704 in
1253 3629 1509 3714 Dissertatione
1534 3641 1579 3724 de
1604 3671 1696 3726 vero

40 3741 157 3836 liujus
174 3732 298 3831 operis
315 3729 732 3827 nortmannorumque
749 3727 855 3827 stylo,
871 3752 979 3824 quam
997 3728 1091 3803 libro
1107 3727 1275 3829 praefixit.
1300 3733 1456 3813 Addidit
1480 3764 1572 3818 vero
1588 3749 1697 3823 etiam

39 3831 257 3912 Schefferus
274 3851 350 3904 tum
366 3827 461 3928 suos,
474 3851 554 3903 tum
562 3828 723 3902 Tliomae
731 3827 926 3903 Muncketi
940 3827 1247 3908 Commentarios.
1296 3834 1492 3934 Separatim
1518 3842 1598 3918 alias
1614 3845 1698 3944 Hy·

33 3939 125 4020 nini
147 3929 243 4006 liber
257 3927 442 4000 fabularum
461 3927 577 4003 editus
600 3926 742 4002 Balrleae
776 3951 880 4021 1570.
902 3926 1163 4031 Heidelbergae
1191 3953 1294 4024 1599·
1317 3933 1493 4012 Poeticon
1520 3940 1722 4020 Allieno.

39 4011 191 4112 micum
207 4019 342 4129 praeter
355 4027 435 4104 alias
462 4025 640 4102 editiones
663 4027 828 4101 Venetiis
849 4041 951 4121 1485.
967 4028 1084 4102 lucem
1109 4027 1289 4130 publicam
1303 4031 1346 4106 as
1365 4037 1448 4110 exit.
1496 4047 1699 4116 Gromatt'con

39 4139 136 4236 ejus,
151 4129 231 4206 five
244 4127 378 4202 librum
392 4127 430 4198 de
446 4125 723 4220 Caslramototione,
737 4128 878 4224 primus
892 4125 1009 4200 edidit
1021 4125 1113 4206 Adr.
1128 4127 1325 4208 Turnebus
1338 4059 1443 4208 Baris
1468 4162 1508 4232 15
1516 4165 1573 4237 54.
1587 4145 1626 4218 in
1649 4169 1696 4244 4.,

39 4228 295 4338 postmodum
321 4225 444 4302 Nicol.
466 4226 642 4328 Rigaltius
658 4225 871 4306 illumnatis
887 4221 1083 4323 illustravit,
1101 4225 1137 4302 dt
1152 4226 1245 4306 Pen.
1267 4231 1466 4310 Scriverius
1493 4237 1557 4315 luo
1578 4243 1635 4315 Ve
1664 4268 1698 4318 e·
1737 4283 1740 4292 =

41 4341 97 4413 tio
114 4325 288 4429 adjunxit
300 4323 418 4427 Lugd.
433 4325 554 4399 Batav.
579 4337 681 4418 1607.
708 4323 924 4399 Fabularum
942 4324 1033 4399 libet·
1053 4351 1139 4400 cum
1153 4325 1373 4430 Palaephat0,
1389 4329 1592 4437 Pburnuto,
1646 4342 1698 4416 ul·

41 4433 198 4544 genti0,
215 4427 363 4524 aliisque
376 4423 621 4536 Scriptoribu's
637 4422 820 4540 mythicis,
841 4421 945 4500 Parit
981 4439 1085 4522 1578.
1106 4428 1145 4502 in
1179 4437 1209 4512 8.
1235 4430 1352 4520 editus
1372 4431 1433 4533 est²
1463 4435 1500 4514 ὅ(
1516 4435 1711 4518 Αωῃὼ.

40 4535 150 4614 darni
179 4537 495 4614 1681.cumnotts
518 4519 815 4617 Tantundem.
1015 4549 1050 4579 ·-

807 4617 881 4700 Sea
906 4645 949 4703 ss
976 4643 999 4703 a
1607 4641 1703 4722 Non
