3948 5234
413 283 494 388 cap.
508 281 578 368 IX.
601 281 660 363 De
674 255 861 388 Exceapris
879 283 1059 366 aratoriis
1073 239 1407 394 Enthymematicis..
1653 299 1724 376 621

79 451 242 557 Epistola
255 452 315 554 est,
328 453 421 532 adeo
439 477 482 531 ut
503 438 697 532 interdum
710 453 794 532 solae
815 453 983 531 formulae
1003 455 1122 554 literas
1145 453 1728 562 absblvant,s1fint8alutatotiae,

81 581 199 654 neque
213 557 251 630 in
267 577 368 634 cerro
380 557 502 654 aliquo
516 579 650 658 genere
673 555 869 630 versentur.
942 553 991 631 Et
1003 556 1073 628 illae
1089 553 1240 653 quidem
1260 554 1431 634 formulae
1444 561 1563 636 velud
1588 585 1726 654 nexum

79 661 237 757 partium
251 656 289 730 in
302 653 473 757 Epistolis
486 654 699 755 referendae,
720 677 760 732 ut
780 653 861 732 sunt
878 643 1047 732 sor-mulae
1058 651 1300 753 Exordiendi,
1315 653 1727 760 Conneslendiffrans-
1786 693 1790 702 ·

80 755 188 832 eundi
202 755 249 830 ab
262 778 479 861 argumento
493 754 538 833 ad
554 776 825 858 argumentum,
847 753 885 831 ἃ
902 751 1031 829 similes
1038 779 1049 848 3
1069 754 1134 828 'vel
1148 752 1282 830 habent
1299 756 1337 830 in
1357 754 1392 830 se
1404 759 1727 859 argumenraEthi·
1760 807 1779 820 ,-

79 881 117 931 ca
131 855 374 954 &pathetica
390 857 522 956 quibus
539 875 724 971 praecipua
738 856 795 930 illa
811 855 849 930 ὅ(
865 852 1006 956 Logica
1025 875 1240 968 argumenta
1260 851 1357 952 quast
1376 854 1544 934 investire
1560 858 1725 936 solemus.
1874 871 1876 874 ’
1940 947 1946 960 ι

77 954 219 1032 Eorum
233 952 555 1037 Colleeianeorum
575 977 754 1032 rationem
774 973 973 1030 accuratam
997 949 1147 1030 instituit
1165 952 1417 1030 Salaenos
1437 964 1483 1028 tn,
1499 955 1653 1052 Thesauro
1664 959 1727 1056 βω

77 1059 275 1160 epistolarum
288 1094 303 1150 ‚·
324 1055 388 1135 ubi
403 1081 515 1136 omne
530 1053 632 1154 illud,
646 1051 749 1156 quod
765 1053 810 1130 ad
824 1051 999 1129 formulas
1014 1054 1184 1152 pertinet,
1208 1050 1271 1128 sub
1285 1057 1391 1130 certis
1405 1053 1474 1130 suis
1489 1055 1603 1132 tinrlis
1616 1069 1726 1158 gene·

77 1156 205 1232 talibus
219 1155 476 1267 &specialibus
490 1153 691 1260 repositum
707 1151 768 1229 est.
845 1150 994 1268 Quibus
1006 1156 1113 1227 eriam
1134 1152 1242 1249 aliqui
1260 1153 1353 1229 rituli
1371 1151 1456 1228 addi
1477 1153 1636 1255 possunt,
1661 1158 1727 1253 qui

77 1257 170 1332 forte
185 1257 224 1330 in
237 1261 410 1366 Epistolis
424 1276 633 1352 occurrunt,
649 1252 709 1330 sed
724 1252 829 1355 pauci
843 1253 894 1326 illi
907 1271 1033 1327 erunt:
1071 1273 1155 1325 nam
1171 1249 1251 1327 satis
1268 1251 1421 1328 uberem
1438 1254 1497 1329 ille
1510 1269 1725 1356 apparatum

77 1351 329 1458 suppeditavit.
413 1359 433 1404 *
458 1355 649 1436 Formulas
671 1375 795 1429 tamen
819 1351 933 1453 longe
957 1350 1082 1465 plures
1102 1349 1165 1424 vel
1187 1347 1281 1427 solus
1305 1350 1440 1429 Cicero
1462 1352 1724 1455 suppeditabit:
1743 1363 1793 1439 43

77 1481 156 1534 nam
169 1466 300 1542 multas
316 1457 497 1538 Starcklus
511 1451 751 1557 ptaerervidir.
826 1447 1136 1526 Erecennoribus
1150 1449 1407 1553 scriptoribus,
1423 1454 1489 1550 qui
1506 1451 1633 1528 callam
1646 1451 1752 1546 satis,
1891 1531 1894 1538 ,
1957 1531 1958 1538 1

77 1555 302 1642 Latinitatem
322 1561 475 1655 servant,
489 1578 530 1633 nt
544 1554 729 1652 Manurio,
748 1550 920 1646 Paleario,
933 1548 1100 1647 Bunello‚
1115 1549 1233 1626 Bruto
1268 1549 1432 1649 Balzaco,
1444 1552 1592 1652 aliisque
1608 1553 1724 1628 Auto-

76 1657 185 1764 rlbUS,
201 1667 308 1742 etiam
326 1658 485 1756 Gallicis,
499 1657 560 1748 lon
592 1653 730 1754 eplura
741 1651 870 1753 'colligi
890 1645 1045 1752 possunt.
1119 1651 1139 1692 ⁴*
1162 1609 1313 1725 Possunt
1329 1651 1466 1726 &addi
1486 1675 1567 1750 quae
1584 1651 1724 1754 Ruper·
1741 1661 1794 1735 44

78 1781 131 1836 tus
147 1773 184 1844 in
200 1761 389 1841 Mercurio
402 1757 466 1833 suo
480 1678 674 1857 Epidolari
688 1775 707 1826 e
720 1745 1385 1852 Scaligero,Casaubono,Wouwerio
1400 1751 1548 1849 aliisque
1564 1751 1725 1864 collegit,

77 1855 135 1934 etsl
149 1870 206 1944 illa
226 1862 397 1940 nonsunt
417 1849 704 1970 comptioribus
727 1845 996 1950 comparanda:
1022 1847 1173 1924 nitidior
1198 1850 1298 1922 enim
1320 1850 1360 1924 in
1382 1851 1449 1925 illis
1469 1849 1582 1934 irretio
1600 1851 1725 1925 Latina

77 1957 130 2033 est
248 1957 427 2060 uanquam
443 1955 481 2032 dt
496 1954 555 2030 htc
576 1975 653 2028 non
676 1973 748 2028 tarn
771 1947 913 2050 semper
937 1944 1213 2046 adulationem,
1232 1972 1349 2045 ,quam
1370 1947 1414 2024 ad
1434 1948 1550 2026 sensus
1569 1951 1606 2028 dr
1621 1947 1726 2052 argu·

76 2083 195 2145 menta
214 2089 254 2140 re
269 2056 569 2165 piceresolemus.
643 2051 785 2126 Verum
801 2071 885 2124 cum
900 2047 969 2121 illae
986 2043 1160 2146 Epistolae
1175 2045 1285 2148 plerae
1313 2071 1359 2124 ue
1377 2047 1446 2124 snit
1465 2046 1667 2147 familiares,
1683 2073 1727 2124 ac

77 2157 236 2246 darona
251 2180 398 2240 utantur
412 2149 537 2253 faceta,
551 2170 663 2250 acuta,
704 2174 747 2225 ua
768 2145 994 2224 delatrantur
1020 2148 1188 2248 inprimis
1217 2073 1361 2246 eruditi,
1383 2173 1467 2224 cum
1490 2147 1630 2247 judicio
1650 2147 1726 2224 for·

77 2271 180 2346 mulis
195 2265 263 2340 illis
278 2253 558 2358 utiquisdebet.
632 2254 653 2298 *
677 2177 844 2352 bollegit
860 2247 897 2323 dt
914 2245 1120 2324 Erasinus
1145 2245 1495 2324 Rorarooauus
1520 2251 1559 2324 in
1572 2248 1668 2324 libro
1685 2250 1725 2320 de
1743 2261 1789 2337 45

76 2379 193 2442 rarione
199 2359 437 2466 scribendarum
450 2355 649 2456 EpiJlolarum
662 2349 725 2426 sub
740 2347 889 2450 singulis
909 2343 1104 2450 generibus
1119 2345 1291 2444 quasdam
1311 2344 1441 2446 sylvas,
1458 2370 1498 2424 ut
1517 2369 1637 2444 vocat,
1650 2347 1725 2422 for-

77 2471 252 2546 mularum
267 2455 575 2558 &exemplorum
593 2480 604 2550 ;
652 2450 711 2526 sed
734 2473 859 2550 pauca,
879 2447 917 2521 dc
940 2443 1013 2520 stne
1036 2442 1178 2544 ordine,
1200 2469 1266 2521 nec
1288 2451 1499 2524 memoratis
1524 2449 1723 2524 autoribus.

76 2573 96 2620 'l
116 2569 260 2644 HENR.
279 2561 332 2636 ST
342 2579 499 2632 ΕΡΗΑΝΙ
525 2555 563 2628 ln
578 2549 793 2652 Dtfflrtatione
810 2547 849 2619 da
871 2551 969 2616 variis
975 2541 1143 2646 generibus
1159 2546 1358 2646 Epistularum
1375 2553 1538 2634 Ciceronis,
1554 2546 1722 2644 quaedam
1738 2557 1791 2646 46

76 2671 178 2746 eriam
202 2663 248 2739 de
266 2657 433 2736 formulis
453 2650 641 2752 cujuslibet
662 2647 806 2752 generis
828 2643 990 2734 notavi13
1015 2641 1087 2737 sed,
1104 2661 1145 2716 ut
1167 2667 1250 2717 mos
1272 2641 1344 2718 fert
1363 2645 1451 2815 epus,
1476 2643 1622 2720 confusa
1642 2645 1722 2722 sunt

12 2831 13 2836 ,
77 2771 204 2844 omnia.
261 2759 360 2839 Leoi
378 2776 498 2831 tamen
512 2747 671 2852 possunt,
685 2770 767 2849 quar
781 2741 897 2819 affert.
961 2743 1134 2842 Σόγκςισιν
1150 2743 1248 2814 enim
1264 2766 1359 2837 quan
1387 2766 1445 2816 am
1461 2741 1610 2819 instituit
1628 2747 1723 2819 inter
1757 2809 1760 2820 i

75 2865 249 2944 formulas
267 2825 470 2951 Cideronis,
484 2852 532 2928 'dr
554 2847 809 2925 Ciceronianus
835 2866 920 2916 cum
942 2840 1139 2918 Ovidianis
1162 2837 1326 2938 confert,
1350 2863 1379 2914 e.
1391 2865 1428 2942 g.
1449 2843 1487 2916 in
1500 2863 1728 2952 argumento¹

76 2963 312 3044 consolatorio
341 2981 387 3032 ex
415 2954 515 3029 libris
537 2943 724 3026 Tristium.
800 2945 819 2990 *
847 2939 1007 3018 Clarckii
1027 2938 1211 3016 Formulae
1235 2937 1441 3040 epistolares
1460 2967 1590 3044 patum
1612 2943 1720 3018 bonae
1737 2969 1789 3046 47

74 3067 183 3172 frugis
198 3062 345 3157 habent,
360 3081 401 3132 ac
415 3053 537 3130 multae
552 3049 693 3124 illarum
714 3040 831 3121 nescio
854 3041 986 3142 quibus
1001 3065 1020 3116 e
1035 3040 1168 3122 lacunis
1188 3037 1330 3116 haustae.

165 3196 291 3292 Atque
306 3190 386 3266 haec
400 3185 446 3262 de
458 3180 651 3281 Excerptis
668 3175 853 3254 Oratoriis
870 3167 964 3246 dieta
977 3161 1094 3252 lituro.
1156 3169 1177 3212 ³*
1198 3168 1342 3268 Vellem
1359 3173 1500 3246 exirent
1519 3167 1667 3246 tandem
1684 3174 1721 3248 in
1737 3197 1786 3282 43

74 3297 269 3400 publicum,
283 3313 367 3389 quae
382 3279 615 3378 Schraderus,
634 3277 664 3372 J.
680 3275 720 3354 P.
734 3276 869 3372 Titius,
892 3272 930 3346 dc
946 3265 1231 3346 sehunstederus
1257 3268 1503 3368 promiserunt
1523 3270 1570 3346 de
1587 3269 1721 3348 Excer·
1750 3297 1752 3300 ·

100 3401 141 3474 tis
157 3389 297 3472 rerum!
323 3389 376 3466 lta
415 3383 534 3460 lenior
547 3378 836 3473 luculentiorque
851 3371 966 3450 illirei
984 3393 1067 3444 cura
1084 3364 1248 3466 impendi
1288 3365 1377 3442 osset
1399 3368 1599 3446 &oratoria
1612 3378 1719 3452 etiam

75 3423 251 3596 bacerpta
264 3411 483 3568 lucembine
495 3482 651 3578 aliquam
671 3477 885 3578 acciperent.
930 3531 933 3536 .
957 3465 1238 3579 Schraderinnus
1261 3392 1351 3582 llber
1366 3428 1416 3577 dp
1430 3466 1623 3583 Excerptis
1646 3476 1719 3549 edi·

76 3599 159 3673 tioni
186 3615 227 3670 ut
239 3589 368 3685 audio,¹
379 3603 524 3688 paratus
541 3577 601 3654 eii
673 3575 766 3650 Titii
778 3569 975 3678 posthuma
997 3569 1165 3667 promtlrt
1180 3562 1286 3640 Patre
1310 3565 1445 3669 dignus
1465 3569 1576 3645 Frlrus
1595 3573 1718 3650 Fride-

74 3657 308 3776 riculeaniel
322 3688 457 3767 Titius.
507 3677 567 3757 De
578 3674 848 3754 sehonsledero
863 3671 929 3747 vix
943 3669 1139 3766 quicquam
1153 3658 1371 3766 sperandum
1388 3665 1564 3746 existimo.

767 3925 927 4014 CA'P.
985 3929 1029 4008 X
1261 3976 1264 3982 ·

301 4117 413 4230 ua
475 4096 981 4220 axoauaars
1050 4049 1530 4260 anamais(
1655 4111 1682 4235 f
1774 4091 1782 4102 ’

77 4369 105 4468 §.
123 4395 149 4448 t.
171 4379 348 4476 Apparatus
362 4347 550 4464 porticulab
566 4305 714 4426 &utorio
733 4339 881 4442 diversus.
956 4366 989 4418 2.
1011 4343 1166 4414 Latinitas
1183 4341 1315 4412 Portica.
1392 4358 1421 4425 3.
1448 4341 1580 4410 lexico„
1604 4317 1718 4410 mm.
1832 4321 1874 4351 ‘'

221 4472 360 4539 latorum
376 4465 566 4566 poeticorum
583 4445 803 4550 'colligendum
903 4466 938 4530 4.
960 4447 1017 4562 Cui
1035 4441 1131 4513 indat
1152 4465 1262 4511 rerum
1276 4435 1492 4556 fialjicicndus.
1599 4463 1627 4530 ς.
1650 4443 1719 4557 Me..

220 4565 370 4671 taphmr
393 4561 471 4637 tales
495 4555 616 4656 collegit
627 4551 743 4628 Parus
762 4541 800 4617 ab
814 4541 1072 4738 &calpaiqdqzc
1173 4544 1206 4614 6.
1231 4537 1400 4633 Anslotelu
1414 4531 1459 4610 Εἴ
1477 4537 1527 4607 Fr.
1541 4533 1721 4733 Rmoqatlp,

1951 477 1953 526 l

1951 559 1953 592 i
