3910 5234
498 188 513 264 'i
542 255 627 364 Cap.
640 258 685 343 11.
708 260 769 376 ¹De
791 259 908 339 variis
925 237 1114 365 Siripturae
1128 242 1260 344 Mani.
1607 345 1611 354 ,
1651 285 1724 364 725

88 425 247 506 linisHier
301 427 313 501 l
368 427 449 505 hica
461 426 1197 534 cortesis&suppletaDuvideilt'elius
1211 447 1279 511 160
1286 459 1315 532 5.
1325 435 1363 510 in
1378 437 1413 534 4.
1423 434 1484 510 edi
1496 431 1636 510 curavit
1647 432 1725 510 Au·

88 528 188 644 gustas
202 449 313 632 viiii.
363 527 673 609 Erecentioribus
689 531 833 608 laudem
850 553 967 608 meret
989 535 1085 628 jort.
1112 533 1306 611 Paratus
1332 537 1639 632 Vntaatauus,
1660 559 1739 618 ,cu-1

84 655 133 730 Jus
146 631 270 730 Hierogl
306 629 455 807 hanff
473 632 623 731 defueris
635 633 858 734 AEgypriorum
871 635 1067 737 aliarumque
1075 643 1219 736 gentium
1228 639 1329 708 literis
1342 642 1562 710 Conmrentani
1574 633 1723 738 Lugdu·

83 733 117 806 ni
139 735 270 806 turne
298 729 351 826 iti,
446 729 531 806 inde
549 731 736 808 multoties
753 735 791 806 in
807 732 1005 810 Germania
1021 731 1135 810 recusr
1165 735 1287 812 ltalice
1307 737 1414 810 etiam
1430 735 1596 810 Veneriis
1617 743 1720 819 1625.

145 827 367 930 isexscripti,
385 833 424 940 in
445 833 612 908 omnium
630 830 795 908 manibus
811 831 901 912 sunt.
952 833 1104 910 Secutus
1132 795 1232 911 iunc
1259 833 1410 910 celebris
1446 835 1718 912 Arrianus.
1801 925 1804 932 ¹

117 945 356 1028 ricuuuus,
380 927 527 1006 vastiori
542 930 670 1014 adhuc
695 933 887 1008 molimine
908 929 970 1008 ista
990 932 1164 1034 mysteria
1187 931 1382 1038 aggressus,
1404 937 1501 1010 varia
1520 933 1595 1032 ejus
1609 929 1719 1009 studii

80 1051 308 1106 monumenta
323 1029 479 1128 reliquit.
529 1032 679 1134 oed‘pron
692 1035 926 1134 AEgyptunan,
947 1033 1049 1132 cujus
1063 1039 1146 1136 p'ars
1162 1060 1232 1110 una
1253 1037 1426 1108 Theatrum
1447 1033 1719 1204 lleroglyphicum

79 1127 163 1228 llllit,
185 1127 318 1206 Romae
343 1137 446 1224 1654.
460 1128 669 1230 odalscuml’
739 1133 857 1216 ulum,
875 1131 935 1208 scu
948 1133 1024 1210 inte
1072 1136 1288 1210 retationem
1308 1159 1446 1209 novam
1468 1132 1580 1209 Obcli
1597 1133 1629 1206 ci
1644 1132 1719 1206 hie-

78 1231 152 1332 togl
206 1228 291 1328 hici,
308 1253 421 1328 quem
434 1229 668 1308 Innocentius
718 1231 859 1330 ,P.R.,
884 1235 1008 1309 erexit.
1031 1237 1044 1308 i
1070 1233 1118 1308 id.
1152 1241 1192 1310 16
1198 1258 1252 1332 50.
1303 1229 1429 1333 Obelisci
1450 1238 1639 1334 AEgypriaci,
1664 1233 1717 1306 in·

78 1349 125 1406 tet
137 1355 177 1405 ru
205 1353 266 1404 era
281 1331 464 1406 Minervae
479 1327 592 1404 effoffi
604 1337 894 1431 intepretationum
908 1331 1069 1436 Hierogl
1127 1333 1244 1410 hicam
1258 1333 1390 1412 Romae
1406 1333 1533 1408 itidem
1559 1338 1660 1406 1666.
1678 1329 1717 1407 δι

76 1429 131 1504 alia
145 1425 282 1544 forsan,
322 1453 406 1530 quae
423 1429 496 1506 huc
511 1432 704 1531 pertinent.
755 1431 823 1506 Uti
837 1453 929 1507 vero
943 1457 1020 1508 non
1034 1455 1073 1506 m
1108 1433 1220 1509 ehoc
1236 1433 1300 1509 suo
1320 1430 1438 1508 studio
1459 1433 1593 1530 meruit
1614 1429 1716 1504 dere
1749 1485 1753 1496 .

74 1527 216 1606 literaria
231 1527 429 1606 Krtcherus
457 1531 504 1606 ita
520 1554 609 1604 num
624 1529 766 1632 semper
780 1552 867 1606 vera
880 1533 987 1607 etiam
1000 1531 1070 1607 suis
1083 1531 1344 1634 suspicionibus
1357 1531 1527 1610 assecutus
1544 1530 1597 1628 sit,
1614 1529 1717 1604 dubi·

75 1627 162 1704 tandi
174 1631 275 1706 locus
289 1627 418 1730 supere
451 1687 459 1703 .
510 1627 623 1706 Certe
638 1627 831 1732 Oedipum
846 1631 921 1730 ejus
941 1631 1077 1732 spernit
1100 1631 1232 1709 isaacus
1250 1631 1408 1730 Vollius,
1425 1633 1462 1708 δι
1480 1633 1616 1708 amicos
1635 1629 1716 1702 Kir-

74 1727 164 1803 cheri
177 1730 275 1806 nolle
287 1729 331 1804 ab
345 1727 424 1830 ipso
444 1728 618 1830 scriptum
638 1731 704 1806 ait:
735 1729 875 1832 Caflagm
897 1733 941 1803 ad
959 1729 1082 1830 Oly'elia
1102 1737 1217 1804 Honrii
1241 1760 1267 1807 c.
1280 1739 1348 1806 llll.
1358 1751 1461 1834 pm.
1510 1731 1563 1806 Ita
1576 1727 1718 1803 Parisiis

73 1851 147 1904 eum
163 1828 357 1930 aliquando
373 1827 571 1904 ludibrium
582 1828 786 1927 jocantibus
801 1831 997 1930 nonnullis,
1010 1831 1047 1906 δι
1067 1830 1187 1907 nescio
1207 1857 1317 1931 quam
1333 1832 1532 1906 informem
1552 1827 1715 1926 statuam,

71 1951 135 2026 pro
150 1932 264 2033 cippo
277 1925 524 2026 afferentibus,
541 1926 698 2003 debuisse
707 1927 789 2032 legi.
815 2003 820 2028 ,
840 1927 1028 2005 Pertinenr
1042 1936 1257 2029 ceteroquin
1272 1932 1344 2006 huc
1361 1936 1455 2006 laur.
1470 1936 1610 2036 regnora
1622 1932 1714 1998 Men·

65 2025 225 2126 fialssaca5
248 2028 308 2104 seu
322 2027 563 2104 vetustissimae
577 2027 707 2104 rabulae
724 2051 846 2128 aeneae,
865 2028 970 2105 sacris
986 2028 1037 2104 AE
1066 2032 1260 2132 yptiorum
1277 2027 1470 2106 fimulacris
1489 2030 1632 2126 caelare,
1652 2048 1714 2100 ex·
1847 2107 1852 2118 .

69 2127 225 2226 plicati03
251 2153 334 2228 quae
348 2130 513 2204 Veneriis
538 2141 634 2220 1605.
657 2127 695 2206 ἃ
710 2125 912 2204 Amstelod.
935 2055 1172 2224 167o.iucem
1184 2131 1366 2232 publicam
1389 2129 1538 2232 aspexit,
1553 2151 1619 2203 nec
1635 2151 1713 2202 non

69 2229 159 2302 Mich.
174 2235 299 2328 Meyer-i
309 2235 435 2309 Arcana
446 2233 669 2332 AEgypriorum
682 2225 725 2303 Θ*
742 2233 922 2302 Graecorum
937 2231 1184 2332 Hieroglypht'ca,
1200 2229 1273 2307 fine
1290 2231 1376 2306 loco
1394 2231 1432 2307 ἃ
1445 2255 1543 2307 anno
1561 2229 1714 2328 impres·
1770 2245 1775 2255 “

68 2321 169 2404 saonis
180 2330 218 2404 in
232 2357 269 2424 4.
286 2328 391 2406 edita.

162 2475 257 2554 Non
276 2499 368 2552 vcro
382 2473 560 2578 AEgyptii
578 2475 708 2574 solum,
725 2473 790 2556 sed
812 2475 916 2548 AEthr'o
936 2502 969 2548 es
997 2477 1105 2551 etiam
1125 2497 1233 2574 atque
1253 2477 1390 2572 Scytha,
1419 2473 1751 2580 hieroglyphicis2
1875 2527 1879 2546 .

68 2569 321 2656 charalleribus
337 2573 388 2652 ufi
405 2573 745 2678 deprehenduntur,
770 2595 812 2650 ut
836 2496 1015 2650 ceierae
1046 2573 1092 2648 de
1114 2574 1211 2673 Syro
1230 2573 1328 2672 apud
1345 2573 1595 2674 Clementem,
1634 2576 1672 2650 δι
1692 2599 1714 2650 e
1840 2613 1847 2642 ι

67 2668 229 2753 Diodoro
244 2677 379 2774 Siculo,
397 2675 492 2751 bene
510 2672 686 2749 Caufinus
700 2671 963 2748 animadvertit.
1054 2674 1112 2748 inc
1137 2695 1182 2748 eo
1197 2671 1333 2746 facilius
1360 2671 1406 2746 ad
1427 2673 1526 2748 Sinas
1547 2673 1586 2747 dc
1604 2673 1642 2766 Ja
1673 2697 1714 2748 o·

66 2793 133 2870 nes,
147 2801 166 2852 a
180 2773 387 2852 Sinensrbus
404 2773 448 2848 ad
468 2773 704 2870 Peruvianos,
721 2793 910 2874 penetrare
926 2791 1147 2872 potuerunt,
1172 2794 1240 2844 nec
1254 2794 1351 2875 opus
1366 2768 1428 2870 est,
1465 2792 1505 2846 ut
1533 2795 1617 2846 cum
1631 2699 1712 2846 tiir·
1743 2843 1746 2853 ,

67 2870 170 2951 chero
186 2873 307 2952 nescio
322 2898 409 2972 quas
428 2871 535 2976 AEgy
565 2874 703 2948 tiorum
716 2869 761 2946 ad
777 2869 877 2948 Sinas
895 2869 1056 2946 colonias
1072 2869 1307 2967 somniemus,
1334 2894 1422 2969 quas
1442 2871 1575 2946 merito
1596 2891 1637 2945 ut
1658 2871 1741 2944 in*

68 2973 274 3076 tempestive
294 2972 496 3048 admodum
511 2899 811 3050 adstrnuasridet
824 2971 845 3044 l.
867 2967 1069 3046 c.Voll1us.
1121 2967 1219 3044 Vide
1229 2993 1310 3067 quae
1326 2969 1373 3044 de
1386 2971 1498 3046 literis
1509 2967 1712 3044 Sincnfium

66 3071 205 3171 Spizelius
238 3085 275 3150 in
309 3071 388 3148 uiro
420 3076 460 3148 lie
499 3079 550 3148 Re
588 3077 746 3148 literaria
784 3072 953 3146 aarum
988 3071 1149 3176 collegit,
1191 3067 1234 3146 ὃ(
1265 3071 1439 3146 Klrcherus
1462 3072 1570 3172 Oedipi
1601 3075 1637 3142 T.
1651 3073 1712 3144 sss.

66 3175 202 3250 Dictus.

165 3316 324 3395 Greci&
338 3321 451 3404 larue
465 3339 672 3416 quanquam
684 3314 977 3419 hieroglyphicis
991 3313 1225 3413 abstinebant,
1237 3311 1572 3390 habuerunttamen
1587 3319 1710 3416 σημὸιι
1730 3342 1747 3412 3
1779 3365 1781 3372 ,

64 3417 117 3496 sua
133 3419 193 3498 seu
208 3442 336 3516 notas,
358 3417 489 3516 quibus
504 3416 564 3490 vel
579 3414 624 3490 ad
640 3417 798 3513 occulte,
825 3415 886 3490 vel
901 3414 945 3488 ad
959 3416 1120 3490 brevitet
1135 3412 1376 3512 scribendum,
1403 3411 1454 3488 usr
1468 3413 1558 3489 sunt.
1613 3423 1711 3488 Nota·

65 3530 122 3592 rias
134 3521 264 3619 Latini,
285 3519 410 3596 Graeci
422 3518 680 3618 τιιχυγροὶφεις,
692 3517 952 3620 σημειογςοίφες
967 3517 1065 3590 notis
1081 3537 1121 3589 ac
1140 3515 1286 3612 σημειὸις
1299 3512 1487 3610 vocabant,
1507 3515 1608 3610 queis
1624 3540 1710 3590 cura

63 3617 324 3697 scribendarum
340 3616 620 3718 compendiariis
636 3615 898 3692 chatasieribus
915 3639 1038 3690 rerum
1051 3611 1236 3688 commissa
1251 3635 1343 3688 erat:
1369 3618 1507 3710 quique
1528 3611 1620 3688 adeo
1643 3613 1711 3690 fre·
1736 3657 1738 3668 ι

64 3741 211 3816 quenter
227 3723 267 3796 in
280 3717 434 3820 publicis
447 3740 551 3816 aeque
566 3717 603 3792 δι
619 3717 769 3818 priuatis
785 3717 943 3819 negotiis
959 3713 1240 3812 adhibebantur,
1270 3735 1311 3788 ut
1326 3713 1416 3788 niltil
1431 3712 1591 3788 crebrius
1611 3711 1711 3886 apud
1749 3755 1750 3758 ι

63 3819 240 3896 Αιιξιοιεε
269 3842 382 3917 quam
398 3816 545 3892 illorum
560 3816 699 3896 mentio
717 3837 895 3890 occurrat.
948 3815 1000 3890 Ita
1015 3813 1159 3889 laudant
1172 3814 1264 3888 hanc
1276 3811 1621 3912 ,artemeveteribus
1662 3813 1713 3888 lu·
1750 3814 1771 3878 Ε

64 3921 214 4019 tarchus,
232 3881 323 4018 ilio,
334 3917 542 4015 Suetonius,
556 3915 699 4012 Seneca,
719 3916 913 4011 Martialis,
938 3911 1139 4012 Ausonius,
1162 3911 1307 3988 Hieron
1338 3935 1430 4010 mus,
1440 3907 1611 4007 Isidorus,
1633 3911 1709 3985 Sui·

64 4015 132 4117 das,
150 4021 222 4118 alii,
264 4031 400 4093 uotum
411 4017 492 4090 loca
507 4013 665 4116 palsrma
681 4014 944 4092 recentioribus
959 4015 1108 4116 allegata
1121 4009 1247 4086 videre
1271 4035 1291 4087 e
1380 4007 1463 4108 Sed,
1480 4033 1520 4084 ut
1540 4013 1709 4086 omnium

62 4139 181 4194 rerum
197 4046 268 4196 elii
288 4121 395 4193 etiam
410 4115 557 4214 quidam
573 4113 699 4192 abusus
715 4111 846 4216 potest,
861 4115 908 4190 ita
923 4115 1002 4189 haec
1018 4113 1184 4213 inprimis
1198 4139 1252 4183 ars
1270 4120 1395 4184 notaria
1418 4109 1603 4184 fraudibus
1620 4109 1711 4184 mul·

62 4217 114 4316 tis,
129 4218 425 4320 scriptorumque
440 4216 685 4330 corruptioni,
711 4215 836 4316 patuit,
854 4211 1073 4316 presertim,
1097 4210 1178 4310 ubi,
1201 4211 1418 4286 inolescente
1436 4213 1510 4307 jam
1534 4208 1709 4310 barbarie,

88 4321 216 4394 cnuiua
230 4339 401 4394 notarum
415 4337 665 4420 interpretatio
688 4338 887 4416 cxptravrt:
913 4335 1040 4411 quate
1061 4331 1185 4388 motus
1206 4310 1349 4412 publica
1373 4311 1454 4412 lege
1478 4313 1593 4384 vetuit
1615 4308 1709 4411 Imp.

61 4341 272 4512 iustinianus
283 4419 511 4520 perfignarum
524 4411 732 4518 captiones&
745 4414 952 4517 compendiofia
969 4421 1131 4514 aru'gmam
1144 4411 1256 4482 codrus
1262 4411 1315 4510 sui
1332 4430 1456 4482 textum
1469 4405 1622 4504 constribi.
1647 4407 1712 4482 lau·

63 4540 143 4594 vsu
153 4541 178 4594 r
188 4535 298 4596 uass
320 4527 402 4592 artis
417 4518 497 4590 idrus
514 4516 608 4594 varii
623 4542 645 4592 a
659 4516 764 4594 variis
777 4514 1030 4689 perpibentur.
1074 4508 1216 4611 Lipsius
1231 4511 1384 4588 libenter
1397 4509 1539 4584 Graecis
1554 4507 1710 4688 glpfirnentr
1817 4615 1819 4618 Ι

708 4663 710 4672 ⁴
880 4639 907 4716 y
943 4637 1006 4713 YY
1057 4631 1075 4706 3
1273 4661 1278 4668 ·
1696 4663 1712 4708 a
