3970 5236
206 219 297 394 14„
543 279 545 289 ·
832 261 993 373 ronna.
1015 265 1125 347 riser.
1161 259 1233 348 ul.
1262 265 1315 346 rr

172 437 178 448 ’
224 460 351 555 Atque
363 453 504 529 utinam
524 441 654 522 videre
667 435 800 543 polles,
812 461 889 539 quo
906 437 1124 536 vultu,qua
1141 431 1387 534 confidentia,·
1407 433 1539 535 quibus
1560 427 1779 534 cerviciBus,
1802 458 1879 533 quo

224 557 366 662 spiriru,
379 551 526 654 negotia
547 567 607 620 tua
622 541 775 618 subeam.
826 539 932 616 Nulli
946 539 1076 614 cedere
1089 550 1247 642 paratus,
1270 561 1338 612 nec
1356 535 1454 638 ipsos
1478 536 1651 635 equuleos
1667 532 1883 610 formidaru-

227 679 312 752 rus,
351 671 393 726 ut
422 673 503 727 rem
525 665 627 722 ruunt
649 641 717 718 tibi
736 637 949 755 conficiam,
985 663 1068 738 quae
1091 639 1186 714 meis
1206 635 1380 714 omnibus
1407 659 1560 736 meaque
1575 633 1695 730 ,salute
1717 633 1811 710 mihi
1835 633 1887 710 est

356 775 386 824 r·
681 807 689 812 ’
1580 767 1583 774 ¹
1654 813 1656 822 r

231 757 354 842 eham
370 867 430 940 7¹·
454 839 660 942 [inpudentia
681 837 761 934 jam
774 861 867 942 ergo
883 863 928 916 os
941 837 1108 914 'ferreum
1128 837 1167 916 dt
1180 835 1390 939 perfrislam
1408 835 1474 914 tibi
1491 835 1654 950 frontem
1680 857 1891 938 opponam,

156 1028 158 1036 ,
190 1033 196 1042 ,
229 955 295 1056 qui
314 947 421 1028 nullis
429 941 576 1017 moveri
589 938 759 1043 precibus
778 962 896 1040 potes.
948 939 1125 1042 Ingeram
1142 962 1203 1012 me
1217 939 1379 1042 negotiis
1388 939 1460 1014 tuis
1477 935 1537 1014 vel
1555 959 1591 1012 re
1608 938 1740 1013 invito.
1772 937 1892 1038 Velis,

232 1053 340 1150 nolis,
358 1041 504 1124 inotem
529 1061 566 1116 te
579 1039 670 1117 mihi
720 1061 823 1116 erere
837 1061 1001 1154 oportet,
1024 1038 1182 1135 homini,
1200 1041 1265 1135 qui
1285 1035 1425 1136 eadent,
1440 1061 1515 1136 qua
1536 1037 1658 1112 haeca
1686 1058 1723 1112 te
1743 1033 1892 1126 audacia

162 1169 164 1174 '
231 1156 337 1259 petit,
350 1147 513 1248 (animos
526 1143 623 1216 enirn
635 1062 737 1216 edific
749 1140 916 1240 arnicitra)
932 1135 1058 1214 effestn
1073 1135 1223 1214 daturus
1238 1133 1300 1214 est.
1349 1137 1386 1212 Si
1400 1161 1461 1214 me
1475 1139 1724 1240 importunius
1741 1136 1893 1214 beecfla·

233 1255 352 1360 gitare
366 1245 565 1339 miraberis,
578 1243 701 1344 cogita
714 1264 792 1315 non
805 1238 1014 1316 erubescere
1032 1238 1137 1312 amici
1152 1237 1281 1313 literas.

292 1349 302 1356 ’
370 1363 428 1444 72.
453 1340 721 1440 &tumescentia
744 1339 870 1415 Totus
884 1341 922 1414 in
936 1338 1120 1413 fermento
1134 1336 1226 1437 sunt,
1241 1359 1362 1436 neque
1380 1339 1436 1414 cui
1450 1335 1670 1414 succenseam
1684 1337 1767 1415 scio.
1792 1337 1895 1418 Non

144 1515 147 1523 .
233 1451 344 1530 mihi:
368 1445 459 1523 nihil
473 1444 572 1520 enim
586 1463 731 1539 eorum,
746 1463 832 1538 quae
847 1438 894 1514 ud
909 1459 1034 1514 retum
1056 1457 1199 1512 tuarum
1218 1461 1342 1512 curam
1356 1436 1563 1554 speslant,e
1581 1438 1747 1516 manibus
1769 1437 1897 1530 dimit-

235 1575 287 1630 to.
338 1546 521 1648 Indignor
541 1563 676 1624 tunen,
695 1563 738 1615 ac
760 1537 1039 1642 propemodum
1061 1539 1196 1642 ringor
1226 1561 1289 1612 me
1312 1538 1403 1613 nihtl
1426 1537 1520 1613 adeo
1539 1559 1778 1641 promovere.
1830 1540 1897 1616 An

234 1655 357 1750 itaque
374 1669 459 1722 curu
474 1642 553 1719 fato
564 1663 650 1716 meo
665 1635 925 1742 expostulem?
945 1637 1017 1713 Sed
1036 1637 1076 1712 dt
1088 1636 1165 1712 boc
1179 1597 1327 1713 stultum
1348 1635 1411 1736 est,
1425 1637 1462 1716 dt
1476 1635 1628 1714 homine
1641 1637 1818 1741 prudenti
1843 1642 1897 1714 in·

232 1750 391 1855 dignum
406 1745 473 1824 tibi
488 1741 685 1820 videbitur.
731 1739 817 1844 Ego
858 1739 957 1820 otius
969 1737 1172 1840 impatienti
1187 1735 1366 1813 desiderio
1381 1759 1527 1840 tempus
1543 1737 1644 1840 illud,
1658 1763 1735 1839 quo
1750 1762 1811 1818 tua
1829 1741 1898 1816 nti·

234 1849 277 1944 hi
293 1869 381 1926 vota
394 1845 550 1948 implere
565 1765 906 1942 neugexpeerabo.
1046 1879 1048 1884 ·
1435 1835 1441 1856 '
1647 1867 1649 1876 ψ

315 2001 329 2020 c
376 1969 438 2044 73.
460 1949 567 2016 Mna.
633 1965 690 2016 uec
705 1931 1197 2040 (malumllistacundiatioi
1219 1936 1314 2013 Haec
1327 1958 1388 2014 tua
1403 1936 1900 2016 mibiverbtautescitcum·

235 2035 386 2126 lbnant:
407 2063 466 2119 var
486 2042 548 2140 illi,
565 2042 629 2139 qui
673 2062 710 2116 as
722 2039 819 2118 mibi
832 2061 957 2114 moras
975 2035 1098 2136 nestit,
1114 2038 1153 2114 ὅ(
1172 2039 1272 2136 cujus
1294 2063 1367 2141 ego
1384 2040 1491 2141 culpa'
1506 2037 1606 2114 istam
1620 2037 1718 2140 apud
1735 2059 1771 2116 te
1786 2038 1900 2142 suspi-

234 2145 384 2226 cionem
401 2148 567 2220 incurro:
593 2137 620 2214 sr
639 2159 717 2214 non
736 2135 860 2215 secero
881 2139 1021 2240 ignavo
1030 2137 1119 2214 huic
1134 2136 1277 2212 homini
1291 2139 1382 2213 mala
1397 2139 1522 2237 aliquo
1540 2135 1662 2241 pasto,
1678 2163 1741 2214 me
1759 2137 1830 2216 esse
1849 2139 1900 2214 di-

234 2250 309 2323 cito
326 2240 608 2351 ignavissimum.
653 2235 817 2314 Habebis
830 2239 937 2313 etiam
951 2240 990 2312 in
1004 2261 1065 2312 me
1076 2237 1137 2311 vel
1158 2235 1314 2312 Fabium
1341 2238 1512 2344 aliquem,
1534 2243 1599 2339 qui
1620 2235 1832 2316 counrado
1850 2261 1900 2316 et-

234 2347 307 2422 iam
320 2369 380 2424 tes
392 2367 470 2422 tuas
488 2340 530 2418 stt
546 2337 784 2416 restituturus

363 2441 433 2540 ¹74·
457 2443 599 2539 Nemesf·
621 2440 716 2514 Non
734 2462 773 2513 er
803 2461 830 2513 0·
853 2439 1004 2550 impune
1029 2433 1097 2510 tibi
1114 2433 1201 2514 abiit
1221 2431 1283 2510 ista
1308 2462 1406 2513 nunc
1427 2439 1565 2614 lipparis
1637 2438 1718 2533 Jarn
1737 2465 1809 2544 pat·
1821 2467 1907 2618 «ἰεῦ.

1848 2568 1896 2619 uo

236 2545 325 2645 pati
371 2543 436 2618 Tu
449 2563 510 2616 me
524 2565 544 2616 a
558 2543 630 2616 ruis
643 2539 746 2615 exclu
806 2539 1005 2640 inegotns,
1020 2559 1095 2637 ego
1113 2557 1185 2614 tea
1202 2539 1305 2613 meis.
1352 2537 1431 2634 Jarn

235 2644 361 2750 pretio
373 2637 670 2736 amiciaestimare
684 2636 809 2713 fidem.
1295 2659 1304 2686 a

178 2751 183 2761 “
320 2803 325 2814 ,
378 2765 433 2836 75.
452 2739 628 2842 diser-atio.
650 2737 800 2814 Miseret
813 2759 886 2839 »13¹²
905 2738 979 2834 tui,
1003 2733 1181 2834 quindeo
1202 2761 1287 2813 curn
1312 2735 1578 2824 difficultatibus
1602 2763 1726 2814 retum
1749 2761 1897 2820 ntarum

237 2824 544 2942 conflis‘iarismec
560 2841 659 2918 exiis
675 2837 821 2914 eluslari
833 2833 1003 2940 angustiis
1012 2857 1132 2936 potes.
1180 2833 1334 2940 Ergone
1342 2841 1448 2916 amici
1463 2841 1517 2914 tui
1531 2838 1581 2914 ita
1590 2838 1655 2916 tibi
1670 2839 1810 2918 excidit
1821 2869 1894 2920 me·
1912 2891 1918 2904 ·

130 2983 133 2994 ·
170 2957 180 2966 ’
237 2945 617 3115 ωοτίομὸςίηΐεαξυπι·
629 2961 775 3040 partem.
790 2961 877 3013 eum
892 2935 1085 3011 admittere
1097 2937 1213 3037 nolis,
1237 2939 1301 3036 qui
1322 2963 1362 3016 ea
1376 2939 1450 3015 fide
1466 2961 1525 3015 tua
1553 2961 1665 3040 curat,
1685 2962 1728 3017 ut
1748 2939 1895 3020 fidelius

240 3067 320 3118 non
362 3064 536 3117 ortua.
1009 3087 1013 3092 -

332 3069 359 3144 p
378 3153 443 3234 76.
465 3133 611 3235 Conscfflo.
635 3133 760 3209 Nullae
777 3134 869 3208 mihi
890 3133 1008 3236 magis
1023 3157 1131 3234 curae,
1146 3159 1251 3234 quam
1265 3161 1323 3216 tes
1340 3159 1423 3238 tuae,
1438 3135 1527 3214 suut.
1578 3137 1631 3215 Ea
1644 3143 1742 3218 enim
1757 3165 1833 3240 me,
1848 3142 1894 3217 fa·

239 3221 333 3334 redr,
348 3237 545 3312 ambitione
563 3235 692 3333 teneri,
707 3256 747 3310 ut
765 3236 860 3309 inter
880 3235 1018 3310 anticos
1037 3253 1135 3336 tuos,
1159 3237 1197 3313 ὃ(
1215 3241 1279 3336 qui
1299 3223 1505 3342 ‘plurimum
1528 3243 1583 3316 tui
1604 3239 1703 3318 causa
1725 3244 1893 3344 cupiunt,

235 3339 481 3440 principatum
501 3333 685 3435 quendam
705 3333 884 3410 affesiem.
1776 3417 1779 3422 ¹

283 3469 287 3476 ·
341 3497 345 3502 .
384 3463 446 3533 77.
466 3442 660 3538 Deprecatio.
687 3436 811 3533 Parce,
826 3433 1172 3536 precor,oAmice=
1195 3433 1478 3539 satispctnatum
1492 3433 1717 3538 jamluimus.
1773 3441 1894 3519 Citius

239 3538 441 3634 enimaqua
460 3537 590 3636 &igni
605 3535 698 3609 mibi
717 3536 960 3632 interdixeris,
974 3559 1084 3634 quant
1108 3533 1316 3618 officiorum
1341 3542 1616 3642 communioni,
1637 3563 1719 3638 quie
1741 3562 1789 3618 ex
1810 3545 1893 3619 ami·

137 3697 143 3706 .
236 3638 319 3714 'citia
334 3623 475 3732 (intur,
498 3634 573 3708 fine
587 3659 659 3731 qua
670 3633 729 3710 vel
741 3632 816 3738 ipsa
829 3634 920 3708 mihi
936 3635 1009 3710 vita
1031 3634 1157 3712 acerba
1176 3633 1244 3712 esti
1974 3637 1975 3650 ’

300 3751 305 3756 ’
429 3825 432 3834 ,
535 3749 742 3845 'Certttmesl
757 3757 789 3818 in
794 3747 896 3848 spinis
914 3739 999 3821 intcr'
1005 3749 1115 3852 speleu
1121 3753 1274 3855 ferarum
1318 3745 1320 3748 ⁵

633 3849 730 3937 Malle
742 3858 827 3950 pati,
954 3943 957 3952 1

161 3966 167 3977 ’
236 3983 346 4058 quarn
364 3960 409 4034 iis
425 3979 547 4034 carcre
563 3955 789 4056 utilitatibus,
802 3981 889 4054 quas
906 3977 965 4031 tua
981 3957 1074 4034 mihi
1090 3960 1184 4062 parit
1205 3960 1369 4059 amicitia,
1390 3985 1546 4060 quaeque
1568 3967 1605 4040 in
1629 3991 1675 4044 eo
1727 3973 1889 4072 raecipue

236 4055 444 4157 consistunt,
462 4055 488 4131 st
506 4055 571 4132 tibi
585 4056 656 4132 ulla
669 4057 810 4132 ratione
823 4058 922 4133 utilis
933 4057 1003 4132 esse
1016 4057 1191 4158 obsequio
1208 4083 1247 4134 ac
1268 4085 1380 4162 opera
1401 4085 1479 4143 mea
1493 4063 1638 4164 posltrn.
1688 3991 1778 4172 &a
1796 4073 1835 4146 in
1851 4093 1889 4145 re
1973 4139 1974 4148 ,

236 4182 388 4234 omnem
401 4181 507 4260 pono
526 4154 759 4260 diligentiam.
1393 4201 1396 4206 -
1771 4199 1775 4206 -

584 4297 809 4398 Exemplum
823 4297 905 4372 Vll.
927 4255 1334 4396 exhibetimitationetn
1351 4305 1535 4404 quandam
1647 4381 1654 4391 .

858 4396 1033 4500 Epistolae
1052 4427 1105 4497 17.
1129 4399 1257 4478 lib-11.

373 4551 404 4602 1·
429 4531 512 4638 Cum,
529 4545 580 4600 ἴθ’
604 4533 762 4626 'mss‘
781 4523 970 4620 Wlfflin
1001 4538 1045 4606 Te
1065 4535 1241 4606 cumulatur
1253 4537 1324 4634 ssm,
1344 4565 1442 4641 neque
1464 4543 1566 4618 aulae
1584 4545 1631 4622 ad
1649 4569 1764 4622 mmm
1775 4549 1817 4650 sc
1838 4551 1888 4622 de·
1972 4545 1973 4550 ’

1159 4665 1167 4674 ’
1801 4651 1888 4724 dent

1476 2539 1541 2616 'sce
1553 2537 1811 2644 imposterum,
