3986 5246
120 268 158 340 ἰ
245 293 329 386 aaa
860 287 1178 408 nonnaginta
1216 283 1344 376 riai-

253 471 452 571 Salmifius‚
484 493 593 576 caput
614 466 700 547 illud
721 469 798 574 περὶ
824 451 1134 568 ποιήσεωέχωλκὲ
1146 441 1286 570 ξάινθῢ,Ι
1303 459 1407 562 quod
1420 461 1458 538 in
1471 455 1613 537 codice·
1628 455 1918 574 Altenbu'rgenii

183 593 232 670 39
256 578 354 673 sosoi
373 563 545 656 rii’lidrs
561 564 673 676 arliae
687 567 902 668 inscribitur,
919 568 1070 644 Zosimo
1087 591 1166 644 non
1186 559 1425 669 adscripsisset.
1480 559 1660 636 *Verum
1679 557 1779 636 unde
1803 561 1918 638 novit

255 673 440 758 Reinesius
467 675 524 750 illa
536 672 754 776 simplicium
771 672 920 746 nomina
939 667 1081 744 Gracia
1093 665 1197 744 fuisse
1217 668 1346 770 ignora
1363 683 1446 741 ante
1459 660 1540 738 haec
1562 657 1759 764 tempora?
1784 662 1919 738 Metal·

252 780 320 856 lica
338 776 395 852 illa
410 737 583 879 pictaque
597 772 746 850 nomina
761 767 853 869 sunt,
868 768 1065 876 dequibus
1081 768 1305 862 Graecorum
1322 764 1461 868 Medici
1538 861 1539 868 Ν
1614 783 1652 838 es
1674 783 1806 865 parurn
1814 761 1919 840 solli·

253 879 334 956 citi:
356 873 470 952 Unde
484 875 603 974 novit,
621 897 642 948 a
663 867 778 948 Persis
802 871 840 946 dr
862 867 1051 962 Arabibus
1074 868 1132 944 illa
1162 865 1232 943 esse
1263 859 1455 970 professa?
1490 861 1534 938 In
1610 861 1690 939 diis
1705 863 1917 968 peregrinis

144 1011 147 1021 ·
253 978 461 1082 peregrina
476 976 584 1050 etiam
599 995 712 1049 voces
732 969 786 1046 fre
813 971 952 1046 uenrari
970 965 1095 1044 solent.
1146 965 1359 1071 Qromodo
1379 985 1526 1066 tempus
1539 960 1693 1066 perditae
1711 964 1748 1040 dr
1762 953 1918 1067 reeup'e-

131 1145 137 1156 .
253 1101 342 1156 ratae
357 1072 456 1178 apud
469 1073 626 1150 Grecos
640 1061 725 1148 ariis
740 1070 787 1145 de
841 1066 916 1145 'ets
941 1066 1153 1186 Qoinodo
1172 1089 1280 1171 caput
1293 1088 1410 1144 unum
1426 1087 1473 1141 ex
1492 1085 1575 1140 toto
1595 1059 1691 1139 libro
1713 1064 1771 1138 alii
1792 1067 1917 1144 autori
1943 1159 1946 1166 Ι

252 1177 468 1254 adscriberet
479 1169 692 1252 Salmasius?
717 1169 820 1246 Nam
836 1166 940 1269 quod
955 1171 1025 1244 illic
1041 1169 1214 1274 allegatur
1237 1165 1376 1244 Zosimi
1399 1185 1549 1263 nomen,
1574 1187 1653 1240 non
1672 1161 1855 1242 insolitum
1873 1169 1915 1246 in

253 1279 321 1356 illis
338 1271 518 1375 libris.est,
532 1297 693 1374 quorum
707 1273 810 1347 celari
828 1285 973 1347 autores
986 1267 1111 1353 solent.
1160 1257 1227 1344 Ne
1251 1267 1341 1368 qnid
1363 1265 1482 1364 dicein
1502 1261 1549 1341 'de
1568 1261 1692 1368 glossis
1710 1267 1914 1370 marginali-
1941 1335 1947 1340 .
1990 1291 1992 1304 ·

251 1379 333 1478 bus,
348 1399 431 1476 quta
442 1378 480 1466 in
495 1369 769 1476 textumgipsum
784 1370 1016 1447 librariorum
1029 1366 1291 1472 crispatransire
1304 1359 1429 1446 solent.
1480 1364 1634 1464 Majoris
1650 1369 1832 1441 momenti
1845 1366 1914 1444 ob·
1989 1393 1992 1438 τ

248 1476 362 1580 jesiio
376 1477 433 1552 'illa
449 1472 630 1575 est,'quod
644 1473 802 1575 capitulo
820 1471 927 1548 hu'us
944 1469 1038 1569 libri,
1052 1467 1222 1568 quodsn
1255 1457 1483 1576 lepeposplb
1504 1463 1727 1564 insiribitur,
1746 1489 1787 1541 ac
1808 1467 1914 1548 Zosi·
1988 1497 1992 1544 ς

153 1591 185 1622 ·'
251 1603 319 1692 mo
339 1573 525 1652 Salmasius
538 1572 675 1682 tribuit,
689 1571 838 1655 Arabici
855 1495 893 1648 it
908 1566 1199 1687 Muhammedici
1219 1483 1436 1684 {hilosophi
1461 1565 1559 1683 σοφοὶ
1585 1571 1799 1666 inantea
1838 1570 1913 1649 lau·
1989 1627 1992 1642 .

251 1675 406 1754 dentur:
432 1673 531 1755 unde
544 1695 726 1777 appareat,
742 1697 822 1749 non
836 1693 970 1748 veteris
984 1665 1134 1783 Zosimi,
1149 1667 1214 1744 sed
1226 1671 1383 1769 junioris
1402 1669 1549 1774 aiciijus
1573 1665 1684 1769 Opus
1701 1666 1785 1746 esses
1807 1669 1913 1750 Cum
1988 1701 1992 1754 l

191 1869 196 1878 Ι
250 1778 416 1854 Saraceni
435 1777 599 1878 primum
612 1772 711 1850 A.C.
727 1785 808 1868 640.
823 1771 1038 1876 AEgyptum
1051 1767 1286 1874 subjugarim,
1302 1795 1343 1846 ac
1361 1791 1430 1872 per
1446 1767 1616 1943 Caliphas
1638 1761 1722 1844 siros
1745 1781 1827 1847 600.
1847 1797 1912 1850 an·
1990 1769 1992 1814 ³

250 1880 309 1954 nis
325 1875 388 1952 sub
404 1878 457 1950 im
484 1878 562 1952 erio
580 1875 764 1950 tenuerint
795 1870 1000 1970 urbemque
1017 1895 1043 1946 o
1073 1863 1231 1946 ulentam
1256 1871 1379 1946 Aloair
1399 1871 1498 1946 circs
1551 1877 1562 1942 ’.
1586 1865 1630 1944 C.
1652 1889 1735 1963 970.
1756 1869 1913 1950 aedifia-
1985 1943 1989 1950 .

216 2038 221 2048 ,
252 1979 337 2053 rint.
373 1975 444 2092 ⁸Hi
506 1933 998 2090 edicinain,Asironomiam,'
1012 1897 1225 2072 Ciiymiam,
1240 1967 1435 2090 postquam
1448 1966 1604 2047 Persicas
1618 1992 1711 2072 opes
1724 1995 1856 2051 omnes
1870 1977 1913 2082 in
1961 2005 1988 2054 ·.

253 2075 291 2154 se
305 2075 528 2174 derivarunt,
543 2073 668 2148 multis
685 2070 869 2176 impensis,
884 2093 1089 2176 magnaque
1103 2069 1274 2147 industria
1290 2071 1545 2148 excoluerunt:
1570 2071 1758 2172 praecipue
1777 2074 1827 2149 illi
1841 2098 1913 2191 po·
1982 2110 1988 2156 ·.

251 2172 438 2254 tentissiini
450 2171 819 2276 Dynastae,Almansor‚
835 2177 954 2256 Horon,
973 2167 1165 2270 Raschydrs,
1188 2174 1357 2258 Almam,
1378 2167 1424 2246 ὕ*
1444 2171 1639 2256 amomon,
1663 2171 1732 2274 ipsi
1751 2172 1912 2252 dodiffi-

221 2265 957 2474 ‘sisllssriisllssslllisi
974 2267 1912 2476 ildrdngslblillisffldfflsr
1987 2321 1992 2368 ²

7 2517 10 2524 ·
81 2549 86 2556 ,
145 2503 148 2510 ’
250 2495 376 2552 retent
390 2496 471 2551 tuin
485 2478 524 2552 in
537 2473 713 2576 AEgypto
734 2495 864 2549 omnes
878 2467 1071 2568 dosirinae,
1088 2460 1175 2546 'cum
1192 2468 1391 2548 crassissima
1411 2469 1592 2550 barbaries
1618 2471 1813 2576 Graeciam,
1836 2478 1913 2555 ira.
1988 2527 1992 2562 ,

251 2577 349 2676 liam,
366 2573 520 2652 Galliain
548 2573 786 2650 Germaniam
804 2570 995 2650 obsideret.
1047 2571 1185 2670 Neque
1215 2593 1337 2649 tamen
1352 2594 1440 2652 runc
1459 2569 1644 2676 perditae
1674 2572 1912 2666 udGrrecos
1987 2569 1991 2600 ²

82 2747 84 2754 .
251 2673 437 2778 Chymica
456 2635 580 2776 studia,
599 2695 640 2750 ut
654 2672 753 2751 forte
769 2670 955 2752 Reinesius
967 2665 1155 2773 existimat,
1170 2671 1319 2750 fuerunt
1328 2700 1344 2772 ι,
1361 2671 1434 2773 sed,
1449 2669 1553 2776 quod
1566 2675 1605 2750 in
1659 2679 1909 2780 ermmialra.

248 2776 309 2876 liay
324 2774 625 2876 Galliavidimus,
638 2772 701 2850 fiib
717 2773 792 2878 ipsa
812 2772 975 2850 barbarie
997 2771 1199 2850 clanculum
1221 2775 1278 2850 illa
1302 2772 1529 2852 disseminata.
1571 2773 1714 2874 Neque
1738 2780 1837 2856 enini
1860 2808 1912 2862 ex
1983 2833 1991 2848 a

250 2901 313 2976 eo,
323 2874 427 2976 quod
444 2875 639 2978 scriptores
653 2873 838 2974 deficiunt,
852 2877 937 2950 artis
950 2875 1114 2950 interitus
1123 2874 1250 2951 inferri
1265 2871 1385 2974 debet,
1399 2899 1482 2974 quae
1493 2874 1538 2951 ab
1551 2873 1800 2974 antiquissimis
1813 2903 1910 2960 rem.
1986 2873 1991 2946 J

185 3061 188 3068 ,
293 2977 417 3090 ribus,
454 2999 533 3050 uon
547 2972 613 3050 scri
642 2976 708 3073 iis,
742 2973 803 3050 sed
817 2976 942 3076 potius
959 2997 1027 3073 per
1040 2970 1304 3050 institutionem
1318 2975 1398 3050 vivi
1410 2984 1531 3078 prjaec'e
1561 2979 1663 3078 toris,
1700 2973 1819 3084 pr'bpa
1985 2977 1991 3068 .,

248 2999 329 3151 itit.
376 3076 597 3151 Latuerunt'
661 3075 698 3148 in
714 3069 938 3150 monasteriis
953 3070 1052 3174 apud
1067 3071 1293 3150 Christianos
1313 3071 1437 3176 ibidis,
1466 2999 1577 3177 uarii,
1608 3073 1721 3177 siqua
1734 3082 1772 3156 in
1813 3006 1909 3162 tiliis
1984 3074 1991 3088 “

250 3199 337 3290 eum
382 3173 573 3292 rodierunt
589 3169 880 3348 scripmutsane
898 3197 974 3248 non
997 3197 1111 3274 pauca
1133 3174 1332 3250 etiamnum
1352 3197 1399 3249 ex
1419 3177 1462 3252 iis
1482 3174 1520 3252 su
1551 3177 1682 3278 essunt,
1706 3179 1756 3257 ob
1779 3107 1905 3262 garba·
1984 3177 1991 3276 ¹,

248 3271 981 3474 iamiiilntjriuaia
997 3269 1908 3483 iiiii„liiiitiinilaaaia:
1986 3453 1991 3470 A

248 3493 369 3552 tanim
381 3497 519 3551 nomen
534 3497 613 3552 non
626 3495 706 3551 tuni
721 3474 884 3575 demum,
897 3471 964 3550 sed
976 3471 1118 3550 dudum
1137 3477 1288 3551 anieilla
1304 3499 1485 3584 tempora,
1506 3475 1736 3581 usurpatum3
1759 3507 1844 3562 nam
1862 3489 1907 3568 ὅ(
1982 3479 1991 3568 ’ἶ

248 3567 507 3676 Hieronymus
520 3576 559 3650 in
574 3575 647 3651 vira
662 3575 800 3651 Malchi
814 3573 1067 3652 ismaelitarum
1084 3573 1250 3652 Arabum
1258 3580 1442 3658 meminit.
1494 3578 1544 3658 Et
1558 3601 1651 3655 vero
1672 3580 1719 3656 de
1733 3581 1907 3668 Arabum
1990 3587 1991 3600 '

249 3695 419 3750 veterum
431 3675 612 3778 peritiain
626 3671 768 3751 secretis
787 3671 1299 3752 desirinisresnotissimaesl.
1350 3677 1540 3778 Fuisseque
1553 3679 1651 3781 apud
1663 3681 1744 3759 illos
1758 3681 1908 3791 Mago·
1989 3655 1991 3732 i

249 3797 485 3852 rumnomen
499 3775 613 3876 priua,
635 3798 745 3873 quain
756 3772 854 3876 apud
866 3773 986 3850 Persas
1000 3774 1174 3877 auditum,
1191 3774 1419 3882 Contingius
1433 3781 1473 3853 ile
1486 3787 1592 3882 mariq,
1607 3783 1703 3858 Aeaei
1716 3786 1790 3858 iri'S
1859 3817 1907 3876 .5.
1990 3755 1991 3804 ³

250 3871 406 3953 reflatur.
455 3871 568 3952 Unde
582 3897 675 3952 vero
699 3871 896 3982 certissimis
919 3873 1153 3954 documentis
1174 3873 1341 3955 ostendet
1359 3879 1561 3980 Reinesius,
1584 3879 1648 3956 scr'
1680 3904 1800 3961 rorem
1856 3915 1907 3972 os
1987 3957 1988 3962 a

81 4025 93 4038 κ
191 4039 195 4050 .
248 3996 391 4091 tantuin
405 3973 611 4090 AEgyptios
625 3973 786 4076 Sophos,
801 3999 877 4050 non
891 3976 978 4052 alios
993 3973 1232 4074 intellexisse?
1255 3975 1354 4055 Cum
1364 4003 1457 4096 ergo
1469 3981 1508 4056 in
1522 3980 1628 4079 conje
1667 3987 1741 4061 uiis
1756 4007 1906 4080 mnium
1985 3973 1991 4022 ³

249 4099 306 4153 vis
319 4097 527 4180 argumenn
538 4071 703 4166 subsistit,
719 4075 769 4151 nil
782 4073 865 4152 facit
878 4073 923 4152 ad
936 4074 1205 4179 infringendam
1226 4077 1334 4180 hujus
1353 4077 1477 4182 scripti
1492 4084 1722 4178 marshami.-
1761 4087 1907 4190 Neque

218 4181 222 4279 J
247 4175 397 4296 possunt
411 4173 577 4292 speciales
590 4173 802 4276 illiZosinii,
815 4178 880 4274 q'ui
895 4174 942 4252 de
958 4179 1065 4252 variis
1080 4177 1263 4255 metallicis
1276 4201 1401 4294 agritii,
1427 4181 1595 4280 trasiatus
1616 4185 1708 4262 adeo
1732 4185 1888 4296 dsoerpi
1979 4175 1990 4282 ζ

152 4345 156 4352 ,
245 4299 290 4354 ut
305 4295 414 4353 vario
428 4273 615 4353 autoribus
630 4273 858 4381 assignentur.
906 4275 997 4351 Ideo
1015 4279 1113 4352 enim
1128 4278 1189 4352 vel
1202 4301 1361 4355 niaxime
1385 4277 1626 4360 Oecumenici
1644 4306 1781 4364 nornen
1804 4253 1906 4371 obas
1989 4307 1990 4310 ‘

246 4379 338 4477 nuit,
355 4374 458 4475 quod
471 4373 517 4452 ad
532 4379 654 4454 varios
666 4378 751 4454 artis
764 4376 873 4476 hujus
894 4373 1045 4452 recessus
1064 4375 1100 4451 se
1122 4373 1326 4462 diffiideritt
1352 4369 1751 4482 quenadmoduni'ile
1770 4391 1904 4475 titulus
1982 4396 1990 4412 “

245 4479 411 4577 primum
422 4475 605 4577 Hermeti,
627 4475 760 4554 deinde
770 4474 928 4571 Johanni
944 4473 1142 4576 Sacerdoti,
1157 4475 1528 4587 annonaria&
1542 4485 1729 4590 Stephano
1740 4489 1905 4577 abAno-
1988 4471 1990 4512 ³

246 4578 433 4678 nymo,iir
452 4575 549 4658 libro
564 4577 612 4660 de
624 4580 765 4660 ratione
784 4573 983 4680 dnsbmdi,
997 4575 1178 4661 tribuitur.
1984 4577 1990 4620 '³

1699 4723 1703 4732 ·
1745 4717 1747 4724 ’
1814 4696 1910 4786 Fuit
