3932 5212
258 223 373 323 '1042
859 217 1022 330 Posvbrst.
1049 186 1180 303 liter(x
1212 197 1289 302 lib.
1320 193 1395 303 illl.

275 391 443 498 prtefu'tit.
516 387 656 469 Addita
675 389 735 491 est,
751 387 834 493 post
851 385 1025 467 Graecum
1039 413 1180 469 textum
1195 391 1323 466 Latina
1343 387 1461 468 versio
1477 388 1525 466 ad
1544 382 1698 468 verbum
1716 391 1808 490 atu,
1826 394 1881 470 Au·

265 494 379 570 ‘diora
409 491 491 587 Joh.
516 491 714 590 Lonicer0,
745 495 809 589 qui
829 488 913 592 post
934 483 1073 662 alipuot
1094 513 1209 565 annos
1238 488 1388 564 revisam
1414 488 1566 565 eandem
1586 489 1807 589 versionem,
1829 517 1880 566 una

275 618 360 670 cum
374 594 470 668 notis
484 593 524 668 in
541 589 750 688 Pindarum,
766 614 866 688 quas,
882 611 923 665 ut
940 591 978 692 ip
994 613 1104 665 enon
1118 585 1306 686 diffitetur,
1320 611 1341 663 e
1357 588 1501 664 Graecis
1512 588 1677 687 Soholiis,
1691 591 1879 685 aliorumque

257 691 457 766 virorum
468 689 666 766 dodorum
683 688 835 790 scriptis,
848 686 973 786 haulit,
987 687 1113 764 recudi
1132 686 1179 762 A.
1211 711 1315 784 1535.
1340 689 1488 766 curavit.
1523 687 1747 765 Liberiorem
1768 688 1879 764 Pindari

225 788 232 812 ⁸
274 787 505 890 Verstonem,
537 813 620 888 quae
653 813 729 866 non
775 785 867 862 adeo
900 786 1023 862 verbis
1037 828 1040 838 ·
1053 785 1124 862 sese
1146 783 1371 888 astringeret,
1403 784 1532 862 struxit
1557 784 1746 888 Philippus
1774 788 1877 862 Melu-

153 942 159 966 .
275 888 430 986 chthon‚
444 913 527 986 quae
542 889 581 962 in
604 885 720 962 Henr.
736 885 910 986 Stephani
934 907 1063 961 manus
1114 887 1273 961 ervenit:
1296 883 1358 960 sed
1378 910 1499 984 quam,
1515 883 1577 962 etfi
1598 885 1876 987 laudaretStepha·

272 1011 354 1086 nus
375 1011 454 1062 non
472 1009 592 1062 tamen
606 983 750 1061 excudit
766 987 803 1058 in
821 983 879 1059 sua
891 983 1036 1059 Pindari
1050 909 1233 1080 Editioue,
1251 1009 1359 1082 quarn
1383 984 1580 1062 minutiore
1596 983 1728 1082 forma,
1742 983 1795 1060 sed
1808 1009 1877 1059 con·

269 1084 486 1184 modisltma,
498 1109 565 1161 nec
578 1085 699 1159 minus
712 1083 835 1181 nitida,
847 1081 973 1180 edidit,
987 1107 1072 1158 cum
1086 1080 1205 1158 adhuc
1217 1083 1335 1158 Uirici
1350 1084 1513 1188 Fuggeri
1526 1081 1609 1158 esset
1623 1081 1878 1187 Typogtaphus,

268 1179 529 1285 Heidelbergae
548 1189 651 1281 1560.
665 1185 705 1276 ,in
726 1183 780 1258 16.
794 1205 891 1256 anno
911 1187 1014 1278 1566.
1028 1183 1244 1282 repetitam:
1271 1185 1331 1256 cui
1349 1181 1448 1256 stram
1461 1180 1681 1258 Verstonem
1699 1183 1744 1258 ad
1757 1182 1876 1258 verbum

269 1279 412 1380 fadlam,
425 1303 466 1357 ut
481 1281 660 1358 tironibus
675 1279 875 1378 inserviret,
891 1278 1078 1382 apposuit:
1103 1277 1165 1355 etst
1187 1281 1269 1356 alias
1290 1281 1496 1358 liberiorem
1512 1277 1629 1384 magis
1649 1304 1788 1381 armaret,
1806 1305 1877 1356 com-

296 1403 465 1480 arareque
480 1381 635 1458 Graecos
649 1380 779 1470 Poetae
798 1380 845 1454 ita
856 1378 902 1454 ad
916 1379 1073 1454 verbum
1088 1380 1276 1456 translatos
1293 1405 1378 1454 cum
1392 1379 1581 1457 arboribus
1595 1377 1738 1482 soleret,
1759 1403 1876 1480 quamn

154 1527 158 1536 ·
191 1495 196 1506 ·
253 1405 357 1556 dolia
368 1501 563 1556 autumnus
582 1479 720 1578 dejecit.
768 1479 941 1578 Repetiit,
959 1474 1042 1578 post
1059 1477 1211 1553 Henrici
1230 1476 1384 1578 obitum,
1397 1477 1723 1578 illamliditionem
1736 1481 1876 1574 Genava,

186 1651 190 1664 ,
265 1575 330 1654 sub
345 1581 490 1655 initium
507 1575 613 1676 hujus
627 1576 744 1675 seculi,
761 1576 892 1652 Paulus
910 1576 1134 1677 Stephanus:
1168 1577 1285 1674 qui&
1310 1575 1409 1654 idem
1429 1603 1513 1652 cum
1529 1578 1686 1656 Scholiis
1706 1579 1877 1672 Pindarum,

236 1729 240 1736 ·
268 1677 306 1754 dt
321 1679 446 1757 Latina
463 1675 629 1762 verbone
642 1675 783 1752 recudit
795 1675 843 1750 A.
868 1697 967 1774 ¹599·
989 1679 1027 1750 in
1046 1699 1082 1776 4,
1097 1675 1200 1774 quod
1214 1697 1296 1750 ante
1312 1675 1414 1750 illum
1431 1675 1569 1752 Parisiis
1581 1677 1629 1751 A.
1665 1688 1763 1778 ¹558·
1783 1677 1876 1754 Guih.

265 1776 447 1854 hlorellus
467 1774 609 1852 fecerat.
657 1773 801 1851 Nostro
816 1773 933 1850 seculo
948 1772 1158 1873 Pindarum,
1179 1799 1264 1850 cum
1281 1775 1405 1850 Latina
1419 1773 1508 1850 Para
1536 1774 1643 1874 hrofi,
1667 1802 1794 1880 praeter
1820 1799 1876 1851 vet·

261 1873 434 1951 fionema
464 1872 930 1975 pofita,&Commentariis
947 1868 1169 1972 doslillimis,
1184 1872 1493 1967 Jonssenetlitlus
1506 1799 1677 1952 dalmatii
1695 1881 1777 1974 in4
1799 1891 1875 1953 1620.

262 1969 394 2050 edidit:
420 1900 469 2071 d,
491 1970 1004 2087 quiillumadhuc'praeceffit,
1028 1971 1238 2048 Euasnus
1261 1973 1513 2054 Scantinius
1537 1973 1783 2079 Wittebergae
1799 1983 1873 2052 1616.

116 2159 120 2169 ι
262 2074 303 2148 in
316 2098 350 2169 4.
376 2075 440 2170 qui
455 2073 494 2162 ὃς
508 2074 605 2148 miro
628 2069 746 2148 studio
761 2093 923 2168 miraque
937 2070 1104 2146 felicitate
1119 2069 1327 2146 emendavit
1339 2071 1492 2166 Poetam
1510 2071 1628 2171 litum,
1644 2071 1766 2152 demto
1782 2077 1874 2168 vertit,

262 2193 469 2248 metrorum
487 2171 670 2246 rationem
684 2169 845 2244 exustam
869 2169 981 2266 dedit,
1018 2167 1063 2242 de
1083 2168 1161 2270 ipso
1190 2169 1315 2268 Poeta,
1334 2191 1414 2246 tum
1436 2168 1482 2245 de
1502 2169 1790 2276 Olympionicis
1809 2197 1874 2272 quo

259 2295 346 2347 rum
361 2269 541 2346 luculenta
554 2293 624 2346 una
644 2267 836 2344 exhibetur
848 2265 1107 2366 Chronologia
1130 2267 1167 2341 dt
1182 2265 1229 2339 de
1243 2268 1460 2360 cauninibus
1476 2269 1487 2342 l
1506 2271 1599 2344 'ritis
1619 2272 1798 2350 uberrime
1831 2297 1875 2348 rae·

259 2369 354 2446 fatus
374 2368 442 2443 est:
478 2389 720 2467 magnamque
734 2364 825 2440 adeo
840 2363 939 2466 apud
958 2363 1269 2447 exteroslaudem
1288 2389 1371 2442 cum
1386 2365 1442 2443 illa
1498 2368 1640 2446 ditione
1663 2369 1723 2450 sua
1741 2299 1874 2448 conidcu

258 2487 319 2543 tus
338 2462 400 2565 est,
417 2467 535 2562 utqui
550 2467 589 2538 in
601 2482 764 2538 mentem
772 2461 895 2539 Poeta
910 2461 1024 2562 altius,
1039 2487 1149 2566 quam
1158 2461 1513 2564 Criticorumceteri,
1556 2473 1742 2548 enerrarit.
1789 2471 1874 2548 Com

257 2567 435 2663 mentarii,
458 2587 552 2664 quoe
564 2565 747 2660 annexuit,
764 2561 904 2638 bonam¹
921 2585 1062 2663 partem
1073 2560 1153 2638 sunt
1172 2585 1191 2637 e
1207 2562 1360 2639 Scholiis
1376 2561 1517 2640 Gratis
1528 2492 1668 2643 hausti:
1691 2569 1756 2646 sed
1771 2570 1873 2670 quibus

254 2664 331 2781 ipse
346 2657 420 2740 suas
435 2661 703 2740 observationes
721 2658 967 2763 densasegete
989 2659 1189 2736 immiscuit.
1238 2663 1482 2740 Memoranda
1509 2665 1569 2740 hic
1590 2691 1745 2768 quoque
1765 2670 1810 2746 est
1827 2671 1872 2744 La·

254 2785 329 2842 tana
342 2762 474 2838 Vetsto
490 2762 637 2838 Nicolai
649 2758 808 2858 Sudorii,
827 2761 1008 2835 carminel
1039 2763 1128 2860 rico,
1141 2760 1244 2858 juxta
1263 2782 1436 2838 numeros
1460 2763 1689 2845 Horatianos
1718 2767 1871 2864 scitissime,

252 2883 294 2940 ut
310 2862 547 2960 antiquorum
563 2858 841 2963 propemodum
856 2859 945 2934 nulli
959 2785 1073 2957 cedat,
1089 2881 1241 2958 exarata,
1256 2885 1377 2960 quam,
1407 2885 1492 2940 eum
1515 2863 1682 2961 ejusdem
1705 2868 1871 2945 Commeu·

255 2962 353 3037 tatiis
366 2963 405 3036 in
417 2963 572 3056 Nemea,
586 2957 714 3034 Feder.
736 2959 918 3034 Morellus
932 2957 1071 3034 Parisiis
1090 2959 1136 3032 A.
1156 2973 1260 3054 1582.
1274 2963 1311 3036 in
1331 2975 1362 3048 ε.
1383 2959 1507 3038 emisit.
1559 2961 1762 3061 (Ratilstma
1776 2971 1869 3066 jana

256 3063 374 3162 longo
403 3082 478 3135 tem
508 3079 574 3134 ore
600 3057 686 3132 suit:
712 3056 807 3132 bene
829 3079 921 3132 vero
940 3056 1073 3156 aslum,
1096 3057 1201 3230 (dwd
1222 3085 1271 3134 nu
1321 3061 1433 3136 trime
1453 3059 1547 3146 illam
1570 3065 1703 3142 recudi
1733 3087 1869 3144 curarunt

257 3155 447 3258 Oxonii,e
492 3159 620 3232 heatro
633 3153 890 3254 Sheldoniano,
905 3153 1094 3231 Clarissimi
1134 3181 1184 3232 uo
1192 3158 1259 3233 Pin
1287 3161 1337 3234 ati
1351 3156 1534 3258 Editotes,
1549 3165 1616 3258 qui
1629 3165 1778 3244 Poetam
1786 3169 1869 3263 hunc,
1925 3193 1926 3240 ;

254 3277 340 3330 cum
356 3257 525 3355 plurimis
541 3253 742 3332 Codicibus
757 3253 858 3329 MSS.
878 3255 1062 3354 collatum,
1080 3255 1307 3356 Scholiisque
1321 3277 1402 3334 non
1422 3261 1545 3336 minus
1567 3261 1724 3366 Graecis,
1743 3291 1779 3342 ac
1799 3267 1869 3340 Ver·

202 3371 205 3379 ⁴
255 3351 358 3430 sione
369 3355 504 3454 Latina,
519 3357 557 3434 dt
573 3378 680 3430 excet
710 3355 754 3430 tis
770 3352 1139 3432 Animadversionum
1154 3355 1340 3454 Schmidii,
1356 3381 1439 3455 quae
1451 3357 1583 3436 scilicet
1596 3362 1636 3438 in
1650 3363 1794 3443 Scholiis
1809 3389 1867 3440 non

255 3456 501 3549 continentur,
520 3481 560 3530 ac
574 3453 656 3548 Joh.
673 3379 861 3528 denedisli
874 3452 1092 3553 paraphrast,
1108 3475 1187 3531 tum
1204 3456 1322 3532 Variis
1340 3455 1568 3558 lestionibus,
1591 3467 1693 3542 notis
1717 3465 1867 3564 novis&
1924 3473 1925 3542 i

257 3550 501 3724 popiosrlstmo
515 3553 650 3650 Indice,
668 3549 889 3666 illustratum,
904 3549 1144 3651 splendissime
1157 3556 1202 3629 A.
1233 3562 1334 3648 1697.
1347 3557 1384 3668 in
1407 3555 1470 3632 fol.
1492 3557 1696 3640 ediderunt.
1741 3563 1866 3640 Prafixa

254 3673 294 3724 1n
310 3674 403 3751 uper
415 3673 513 3727 nova
535 3649 826 3824 Olympicorum
846 3649 1019 3724 ludorum
1040 3649 1235 3736 Chronolo
1267 3655 1309 3754 a,
1328 3678 1428 3751 cnjus
1448 3649 1575 3734 Autor
1597 3659 1632 3734 E
1660 3661 1796 3768 isropus
1809 3666 1864 3740 lit.

255 3745 496 3850 Abieldensts,
515 3751 641 3826 Guilh.
687 3748 778 3852 loyd
792 3748 852 3847 eil,
868 3747 1001 3847 &quae
1016 3765 1121 3850 eque
1139 3774 1181 3830 ut
1196 3751 1240 3828 Sc
1266 3753 1424 3830 'midiana
1437 3753 1618 3859 Olympia
1647 3785 1710 3840 um
1729 3763 1866 3840 cumAn·

255 3849 312 3924 nis
327 3847 475 3950 Mundi,
489 3871 571 3928 ante
585 3846 772 3925 Christtun
788 3869 923 3946 natum,
935 3848 981 3963 ab
993 3849 1098 3926 Urbe
1110 3852 1269 3948 condita,
1280 3851 1318 3927 dt
1331 3851 1488 3953 Epocha
1501 3853 1796 3963 Christianorum,
1811 3862 1864 3938 tul·

146 4015 149 4036 ,
207 4027 209 4035 ,
252 3948 426 4028 lationem
451 3947 632 4048 ostendit.)
682 3948 727 4048 (e)
751 3948 871 4025 Italice
897 3969 1003 4028 ettam
1025 3948 1146 4029 versus
1167 3949 1218 4029 esi
1238 3949 1425 4054 Pindarus,
1443 3953 1490 4056 ³&
1511 3979 1595 4034 cum
1618 3957 1866 4040 Commentario

1739 4063 1865 4137 Alexan·

164 4287 166 4294 ,
299 4223 341 4294 P)
359 4221 438 4287 Irtttt
451 4216 716 4284 emblasmate:
731 4235 814 4304 atque
831 4220 1012 4286 illulhatoret
1034 4226 1211 4288 mentionem
1230 4226 1313 4286 etiam
1333 4223 1479 4293 honestam
1501 4235 1627 4292 merente
1639 4231 1729 4296 Miclr.
1741 4231 1858 4306 Neandu,

425 4308 516 4385 toties,
527 4307 588 4368 aliis
600 4308 632 4366 in
644 4307 750 4382 locis‚a
767 4305 925 4386 Mothofio,
945 4305 983 4368 ob
1000 4309 1104 4371 Merita
1122 4313 1154 4372 in
1168 4313 1280 4388 Literas,
1294 4312 1426 4390 inprimis
1439 4315 1554 4394 Gletes,
1569 4317 1681 4394 eximia,
1700 4319 1769 4380 haud
1780 4322 1857 4378 immt-

422 4393 478 4452 rito
492 4393 649 4467 celebratur,
663 4393 741 4470 cujru
759 4393 852 4471 exibat,
872 4389 1023 4460 &Bustica
1037 4397 1072 4456 A.
1089 4395 1177 4482 1556.
1191 4397 1223 4458 in
1238 4407 1294 4474 8vo
1309 4397 1424 4476 prodiit,
1440 4401 1599 4486 Aristobgia
1621 4403 1763 4466 Pardara'ct
1775 4402 1856 4464 Grau

295 4505 297 4510 ’
424 4475 537 4566 ,mimi
548 4475 672 4565 quiquid
685 4481 716 4564 m.
731 4477 860 4568 Pindarot
876 4481 953 4564 Vm!
972 4498 1005 4548 W
1016 4481 1190 4570 mfistmt
1201 4502 1241 4573 ‘Aa
1252 4501 1354 4574 W
1367 4481 1497 4576 ‘ffliffm
1512 4483 1745 4576 &sfflffffmr
1758 4503 1856 4552 'mm
