3984 5234
238 269 308 352 39ss
479 230 484 240 ⁴
816 239 982 351 Papum.
998 207 1161 323 lirun.
1207 207 1286 322 cu.
1313 239 1359 322 ΙΙ.
1416 331 1422 366 ,

239 424 396 525 respexit
419 425 458 518 J.
473 451 478 477 τ
491 369 736 520 Clusinium,
761 404 845 528 curn
864 420 898 489 in
918 409 1110 516 Hipponacti
1131 407 1192 510 fito
1209 413 1299 520 pag
1315 433 1404 514 ¹403,
1426 367 1611 530 querelam
1635 407 1731 489 itum
1750 405 1797 500 de
1825 405 1899 486 suis

109 530 113 540 '
241 521 365 600 studiis
380 519 548 600 instituit:
618 580 622 593 .
1019 600 1053 622 Ι.
1215 617 1218 624 .

546 653 768 762 Plur'puniter
790 683 839 731 me
862 664 1026 758 temporis,
1051 658 1142 758 quod
1161 657 1296 757 impendi

546 778 584 844 ln
613 769 859 864 Grcsnmotisios.
873 762 916 840 if
941 769 1021 837 lever
1046 768 1210 848 locutores,

527 875 651 951 'Vanus
663 889 829 978 poitorum
855 893 950 973 atquc
963 873 1108 974 perditur
1128 895 1235 970 nigor,

469 995 474 1006 '
548 991 652 1084 Qum
674 981 879 1056 barbarorum
902 1007 969 1082 quc
991 985 1139 1081 leguntur
1161 989 1192 1050 in
1214 977 1309 1051 libris.

545 1097 619 1165 Hoc
632 1091 671 1188 est
685 1067 825 1170 nouorum
844 1111 913 1162 toto
919 1089 1045 1188 flamma
1061 1089 1272 1188 flammarum,

544 1203 687 1272 Stultum
704 1225 742 1271 ac
755 1197 920 1300 firmorum,
946 1191 1140 1298 plumbcique
1163 1195 1274 1282 delirii,

546 1305 652 1380 Rubro
668 1308 784 1382 relic‘iis
809 1305 1014 1406 consenescere
1033 1315 1066 1376 in
1084 1301 1195 1376 verlis.

179 1468 224 1556 ⁶3
241 1454 362 1554 Hujus
376 1447 595 1530 Cabaliliicte
609 1450 787 1526 doetrinae
802 1453 1022 1526 recentiores
1032 1448 1238 1548 Scriptores
1252 1444 1391 1542 aliquot
1409 1441 1551 1521 infolio
1569 1441 1907 1528 voluminibuscol-

241 1555 327 1632 ledii
347 1553 445 1649 sunt3
469 1555 509 1626 in
523 1550 657 1648 quibus
671 1549 721 1624 est
739 1556 822 1622 Ricii
842 1551 880 1622 dr
898 1555 928 1621 A
947 1553 1105 1622 ricultura
1123 1549 1240 1643 causti,
1257 1544 1414 1644 armasti
1439 1552 1566 1646 Georgii
1586 1551 1761 1618 Hamaxia
1779 1551 1904 1634 muudi,

135 1727 137 1730 .
271 1654 376 1731 uibus
391 1652 504 1727 multa
520 1671 680 1726 enatura
699 1649 874 1724 sonorum
892 1577 946 1723 acl
950 1646 1224 1748 Philosophiam
1241 1643 1278 1720 ὃ(
1297 1643 1545 1746 Theologiam
1564 1645 1801 1745 applicantur.
1828 1647 1906 1722 Sed
1930 1657 1936 1664 '

242 1681 499 1831 lemurum
524 1749 595 1850 est,
620 1748 727 1847 quod
747 1747 975 1822 Verulamius
996 1749 1044 1822 ait
1068 1746 1152 1821 loco
1180 1743 1286 1845 supra
1306 1745 1426 1818 citato.
1476 1749 1545 1814 Hoc
1566 1751 1819 1818 Acroamaticun
1834 1748 1906 1844 five

241 1859 481 1954 AEuigmaticum
494 1851 730 1949 docendigenus
746 1845 963 1948 posterioribus
975 1845 1163 1948 temporibus
1176 1844 1402 1940 dehomfiotum
1421 1843 1461 1940 esl
1478 1867 1498 1914 a
1513 1846 1669 1944 plurimis,
1690 1853 1747 1945 qui
1772 1871 1805 1916 eo
1830 1865 1905 1918 torr-

114 1949 115 1954 '
241 1985 339 2062 qtram
356 1961 469 2028 leonine
482 1953 622 2054 antbiguo
638 1952 681 2028 δῖ
687 1957 801 2052 sallasi
818 1952 985 2052 abussfirnr
995 1953 1046 2024 ud
1059 1951 1257 2049 mercesfiras
1275 1951 1468 2023 adulterinas
1488 1953 1711 2024 retrudendas.
1763 1958 1905 2026 Intentio

241 2087 347 2142 autem
371 2073 434 2166 ejus
460 2065 604 2146 videtur,
637 2081 675 2134 ut
704 2063 883 2133 traditionis
903 2052 1202 2161 ittoolucro'oulgus,
1216 2064 1385 2162 profanum
1401 2064 1483 2144 licet,
1521 2087 1541 2132 o
1550 2059 1692 2160 secretis.
1692 2057 1906 2160 scientiarum

234 2173 501 2276 fimtmoocretu'r,
516 2189 611 2270 arque
624 2169 667 2239 ili
679 2185 804 2239 tantum
818 2169 1074 2256 admirarentur,
1088 2177 1144 2268 qui
1158 2189 1217 2268 per
1232 2193 1342 2238 uranus
1362 2169 1586 2268 Magislrorum
1605 2169 1829 2269 prrahohrum
1859 2159 1908 2242 irr-

242 2283 499 2384 tcrprctatioucm
517 2277 599 2349 uuili
611 2277 685 2374 fine,
707 2295 764 2348 our
772 2282 898 2378 proprii
912 2283 1025 2381 ingenii
1040 2283 1178 2348 acumine
1193 2269 1236 2348 &⁹
1245 2271 1423 2372 [subtilitate
1437 2283 1525 2347 intra
1538 2279 1640 2348 uelum
1654 2297 1822 2379 penetrare
1829 2299 1905 2382 pot·

112 2375 114 2380 ¹
234 2393 309 2488 stur.
403 2381 1156 2500 uandamex'CabalaTheo-philosophica
1172 2380 1311 2457 mistam
1328 2381 1533 2460 doiiriaam
1554 2383 1778 2490 profitentur
1816 2413 1904 2486 quae

151 2529 154 2534 ¹
241 2485 458 2587 eParacesr‚
486 2485 575 2560 Wei
604 2481 1124 2582 elii,Gutbmaan1,Boehmii‚
1143 2483 1311 2557 Fratrum
1330 2480 1610 2561 Roseac‘Crucis
1628 2483 1748 2562 schola
1768 2447 1836 2561 liri
1868 2507 1901 2565 ta

176 2609 229 2702 54
241 2587 470 2690 prodierunt.
520 2509 685 2660 *Egsthis
702 2606 852 2680 qnoque
868 2581 1158 2660 annumerandus
1181 2583 1425 2658 Ronanaus
1450 2583 1709 2684 Fauonius,
1739 2515 1899 2688 anglis,

242 2686 413 2764 mirabilis
426 2685 564 2790 ingenii
577 2679 713 2758 homo:
733 2683 845 2757 mura
860 2683 958 2756 enim
980 2681 1219 2780 eCabalistis,
1246 2705 1292 2756 ex
1314 2705 1555 2758 numerorum
1577 2682 1901 2786 dodana-Tetra·

270 2786 434 2863 tammari
457 2781 657 2860 admirabili
669 2779 846 2882 potestate
873 2799 980 2878 atque
993 2780 1096 2858 sacris
1111 2783 1236 2880 literis,
1252 2777 1297 2856 ad
1312 2787 1391 2857 rem
1408 2784 1604 2861 naturalem
1618 2786 1786 2886 applicat,
1796 2787 1836 2862 δι
1850 2785 1904 2863 liri

180 2903 225 2990 65
240 2813 359 2964 iensm
374 2881 561 2982 quoddam
572 2878 736 2982 Systema
747 2841 943 2980 Phylicum
957 2905 1004 2955 ex
1016 2881 1084 2957 illis
1099 2879 1256 2958 conficit.
1302 2883 1327 2927 '*
1336 2881 1379 2956 ln
1390 2882 1649 2960 mathematicis
1664 2886 1780 2961 mulm
1795 2909 1901 2989 egre·

244 2989 307 3091 gia
321 2986 474 3080 invenit,
488 2981 673 3078 inquibus
693 2977 897 3055 admodum
921 2979 1097 3080 operosus
1122 2979 1210 3056 fuit:
1262 2981 1357 3056 nulla
1378 2983 1476 3058 enim
1496 2981 1703 3062 Matheseos
1774 3010 1810 3064 rs
1836 2985 1909 3088 eib-

217 3125 225 3130 —
243 3107 356 3182 quam
369 3085 426 3158 ille
440 3104 517 3157 non
530 3073 701 3182 attigerit
711 3081 750 3154 in
771 3077 870 3152 libris
893 3076 983 3176 suis,
1007 3079 1239 3156 Mecbanices
1288 3077 1502 3178 eritilstmus3
1517 3009 1773 3198 superstitiolii
1792 3088 1905 3162 etiam

243 3203 338 3258 artes
359 3177 553 3294 diligenter
568 3177 740 3274 excoluit,
763 3199 918 3273 quarum
940 3177 1104 3278 hyperas
1124 3176 1203 3255 istes
1227 3106 1289 3277 eli
1310 3205 1397 3278 quas
1418 3179 1492 3283 ipse
1519 3203 1626 3258 ettam
1649 3188 1810 3260 exercuit
1830 3209 1903 3287 per

245 3282 373 3358 omnia
394 3277 664 3356 divinationum
679 3299 823 3380 genera.
874 3274 907 3350 E
929 3275 1076 3352 thermo
1093 3280 1216 3378 copia,
1243 3277 1302 3353 seu
1325 3281 1446 3378 vitro,
1470 3300 1512 3357 ut
1537 3303 1656 3382 vocat,
1679 3281 1902 3362 Calendario

244 3381 412 3457 omnium
453 3377 760 3454 haeaomenorum
772 3375 989 3450 naturalium
1000 3378 1169 3475 rationes,
1186 3377 1224 3453 ἃ
1241 3381 1353 3454 totius
1367 3377 1497 3456 mundi
1514 3379 1825 3482 constitutionem,
1842 3410 1903 3462 ex·

243 3479 379 3582 plicare
399 3403 555 3572 laborum
578 3474 682 3575 quod
699 3473 978 3552 instrumentum
993 3487 1040 3551 ex
1054 3475 1134 3579 ipso
1143 3475 1284 3576 Moyse
1300 3476 1480 3554 deducere
1500 3482 1592 3578 vult,
1614 3483 1735 3579 aitque
1748 3479 1785 3572 se
1801 3486 1904 3562 inve·

244 3575 332 3656 aare
348 3575 436 3655 illud
450 3579 489 3652 in
502 3575 642 3652 Codice
657 3573 831 3672 quodam,
845 3597 928 3652 ante
951 3599 1031 3670 500.
1046 3599 1160 3662 annos
1174 3573 1309 3680 scripto
1346 3578 1521 3680 graphice
1542 3578 1789 3658 delineatum
1821 3584 1904 3686 Spi-

245 3679 359 3754 ritum
372 3676 457 3751 huic
471 3676 570 3754 vitro
583 3673 758 3780 inclusum
771 3673 833 3771 illi,
849 3677 915 3773 qui
929 3673 1058 3750 mundi
1074 3701 1208 3778 magna
1229 3701 1287 3751 ma
1336 3679 1396 3752 ina
1418 3679 1658 3779 concluditur,
1681 3688 1902 3886 proppptio·

245 3800 294 3853 ne
307 3773 528 3877 respondere
541 3777 599 3850 ait.
654 3773 780 3877 Qtare
794 3772 832 3848 bt
847 3775 1149 3864 omnescirculos
1165 3773 1323 3862 ccelestes
1342 3777 1380 3852 dt
1403 3777 1526 3879 plagas
1544 3781 1658 3854 inillo
1672 3806 1749 3882 prae
1832 3808 1900 3862 rat.

243 3875 307 3953 Ex
315 3899 361 3952 eo
378 3899 528 3973 quoque
542 3872 588 3948 de
604 3894 728 3950 natura
741 3871 962 3950 morborum
973 3873 1125 3973 judicat:
1146 3873 1338 3949 hominem
1352 3879 1449 3950 enim
1465 3898 1505 3952 ut
1521 3878 1804 3956 microcosmum
1815 3909 1903 3960 cum

217 4021 225 4030 -
244 3972 499 4052 macrocosmo
522 3973 559 4050 dt
575 3973 648 4049 boc
662 3969 915 4071 instrumento,
930 3998 971 4050 ac
986 3972 1152 4078 spiritum
1165 3976 1264 4048 vitro
1283 3975 1456 4050 inclusum
1475 4001 1560 4050 cum
1580 3977 1706 4080 spiritu
1727 3987 1902 4098 corporis

205 4151 210 4160 ,
246 4073 362 4152 nostri
377 4095 573 4177 comparat.
624 4070 965 4176 Hieroglyphicum
984 4071 1204 4148 morborum
1221 4076 1388 4174 corporis
1404 4073 1566 4150 &animi
1583 4098 1598 4152 t
1628 4099 1718 4179 pum
1734 4103 1780 4155 eo
1794 4107 1834 4156 rn
1846 4085 1903 4159 in·

245 4171 448 4250 strumento
468 4173 519 4250 ob
536 4173 662 4249 oculos
682 4173 807 4274 ponit:
828 4167 991 4247 srmiliter
1006 4171 1045 4247 &
1058 4173 1244 4248 urinarum
1257 4173 1456 4248 borealium
1478 4174 1517 4250 dt
1544 4200 1587 4252 au
1638 4180 1748 4254 alium
1762 4178 1903 4260 {calam

246 4273 287 4350 in
311 4297 357 4352 eo
385 4272 628 4374 representat,
654 4268 885 4372 uroscopiam
911 4291 1130 4348 convertens
1161 4272 1200 4346 ia
1229 4271 1512 4376 uranoscopiam.
1544 4276 1692 4376 ‚Quare
1718 4279 1938 4359 mirabiles·
1976 4361 1977 4366 ,

247 4371 469 4464 morborum
507 4367 738 4447 definitiones
770 4371 904 4449 extruit
942 4373 981 4446 in
1008 4369 1103 4446 libro
1136 4369 1200 4445 suo
1232 4370 1278 4444 de
1310 4371 1429 4472 elfintia
1455 4373 1571 4448 Morbi.
1619 4377 1752 4452 Morbi
1776 4363 1902 4458 autem

249 4471 580 4558 illiintermeteora
600 4467 820 4571 referatur,
840 4490 948 4576 atque
968 4493 989 4548 a
1006 4471 1125 4548 ventis
1147 4475 1262 4570 (quos
1287 4471 1442 4573 Spiritus
1463 4474 1501 4552 dt
1518 4475 1695 4580 Angelos·
1707 4475 1815 4580 facit)
1841 4505 1902 4556 or-

1820 4584 1976 4660 tum*
