3950 5236
527 235 555 262 ,·
573 267 655 374 Cap.
683 267 787 350 XIV.
806 267 977 374 Erempla
992 269 1240 372 imitationum.
1596 199 1613 318 ¹,
1655 295 1730 376 497

79 411 237 543 tentiam,
256 443 533 524 &tinudioran
546 443 584 520 in
598 440 748 521 nutibus
761 440 916 518 aliorum
931 438 1166 517 observandis
1179 438 1297 516 fuisse:
1321 411 1471 544 apperte
1484 443 1576 518 milti
1589 443 1728 548 petsuu

77 547 151 620 lum
168 542 297 644 fuisset,
343 544 564 646 uod'populi
577 562 725 618 tumore
750 540 997 645 spargebatur,
1011 539 1077 616 nist
1091 542 1149 617 Te
1172 543 1406 642 animumque
1423 565 1527 620 tuum
1541 545 1581 619 dr
1602 569 1727 623 motet

76 572 466 744 rediusnovisemmt
479 643 795 739 rumorembunr,
815 644 878 739 qui
890 642 967 740 jam
983 667 1050 744 per
1061 641 1098 718 se'
1115 641 1380 720 raucus'sae'ros
1398 641 1465 743 est,
1490 667 1727 742 contemnen-

69 746 163 824 dum
179 747 341 825 arbitrer.
392 747 511 830 Multa
525 744 619 846 saepe
634 742 774 820 silentio
791 741 1402 844 transmittimusdtda'lsuttulamuse·
1412 748 1727 852 autoritate&po÷

75 849 186 926 tentia
202 847 422 924 aemulorum
437 846 554 942 territi
571 870 610 920 ac
628 841 814 944 suppressi,
831 845 995 918 cramalia
1007 847 1143 920 omnia·
1151 847 1248 920 intus
1264 843 1467 942 sentiamus,
1476 869 1596 943 neque
1609 849 1646 922 in
1662 873 1727 950 ptr·

74 948 208 1024 blitum
227 944 372 1024 confilia
386 943 506 1023 nostra
520 939 762 1048 proferamutt,
777 967 823 1018 ne
838 942 928 1040 quid
946 941 1159 1018 dissensione
1173 942 1300 1020 nostra·
1317 945 1355 1021 dr
1377 949 1575 1021 irumaruto
1593 973 1727 1026 conatu

73 1050 251 1146 turbetur,
264 1047 368 1146 quod
378 1046 515 1124 idoneo
531 1068 702 1145 tempore
717 1045 902 1146 prolatum
918 1067 999 1118 rem
1009 1043 1147 1120 felicius
1159 1043 1205 1120 od
1219 1047 1359 1120 exitum
1373 1043 1560 1152 perducet.
1611 1049 1727 1124 idem

74 1173 108 1226 te
123 1147 243 1230 secilse
257 1149 353 1228 nulia
369 1145 556 1234 dubitandi
571 1143 668 1220 causa
683 1142 1061 1244 eli,ptaesettinucum
1077 1141 1326 1246 posteriorum
1353 1167 1577 1247 temporum.
1587 1153 1728 1226 eventis

73 1251 163 1330 mibi
181 1245 335 1347 constet,
350 1273 426 1326 non
441 1243 541 1324 fuisse
555 1245 659 1320 illum
670 1245 783 1318 animi
797 1244 850 1319 tui
860 1241 1012 1352 senstun,
1029 1269 1141 1343 quem
1154 1244 1270 1344 frons,
1277 1244 1540 1346 vultua,·vetbtt
1550 1269 1729 1347 atqueeu

76 1373 177 1428 terna
193 1348 402 1452 illaspecieo
419 1372 490 1445 tua,
511 1369 589 1448 prae
602 1343 637 1418 se
656 1341 803 1420 fetebat.
854 1387 856 1398 ·
988 1371 1002 1407 τ
1055 1347 1060 1405 ἒ
1276 1406 1283 1416 .
1331 1373 1334 1382 ’
1460 1385 1466 1404 =
1546 1405 1550 1418 .
1703 1407 1707 1414 .

97 1529 103 1540 ,
170 1465 205 1540 8.
223 1446 540 1554 Qandoquidem
554 1441 753 1522 uetofasia
767 1469 865 1522 nunc
880 1441 931 1520 est
947 1447 1470 1549 aliquarerumcommutario,
1486 1449 1727 1550 nihilquejam
1800 1460 1807 1472 ’

75 1548 199 1651 obstat,
214 1575 291 1650 quo
308 1551 428 1626 minus
441 1548 596 1650 publicae
610 1567 681 1622 tuae
699 1567 810 1622 voces
833 1544 1036 1646 audiantur,
1052 1549 1180 1648 illaque
1195 1552 1233 1626 in
1247 1549 1326 1627 luce
1342 1552 1509 1644 omnium
1517 1575 1728 1653 proponan-

75 1675 141 1750 tur,
156 1675 243 1751 quae
261 1648 473 1726 mullrtanda
487 1646 554 1723 tibi
567 1666 670 1724 antea
684 1643 845 1746 fuerunt,
861 1673 970 1745 nunc,
984 1649 1044 1754 vel
1058 1674 1117 1726 me
1138 1677 1215 1728 non
1230 1672 1417 1752 monente,
1445 1676 1527 1750 quae
1553 1672 1615 1728 tua
1643 1677 1730 1754 pru·

77 1753 194 1830 deutia
210 1751 271 1851 est,
288 1750 472 1854 intelligis,
489 1745 581 1846 quid
595 1762 748 1824 tuorum
767 1743 809 1822 lit
823 1747 1039 1847 neruorum
1055 1749 1194 1850 quidve
1213 1751 1478 1848 tuaautoritare
1497 1751 1667 1828 accedere
1677 1777 1730 1830 te·
1750 1792 1756 1808 ·

77 1851 138 1929 bus
156 1852 290 1930 nolitis
306 1851 488 1926 momenti
502 1843 621 1950 possit.
698 1845 777 1950 Qui
791 1845 947 1922 aliorum
963 1855 1082 1928 vereri
1101 1850 1234 1953 judicia
1255 1875 1356 1929 antea
1377 1851 1552 1952 debebas,
1576 1853 1614 1932 dt
1638 1856 1730 1930 timi·
1785 1911 1789 1924 ,

78 1953 235 2034 ttustule
250 1950 567 2041 innoimullorum
583 1947 832 2062 voluptatibus
844 1949 1027 2049 haerebat,
1044 1976 1141 2028 nune
1161 1977 1239 2036 non
1261 1952 1400 2062 singula
1422 1952 1547 2058 digitis
1572 1954 1732 2031 dimetiri

79 2077 168 2154 opus
185 2054 318 2152 hebes,
339 2061 425 2130 runi
440 2073 544 2128 tuum
553 2047 599 2126 ad
613 2048 804 2124 aebutium
820 2052 932 2124 ceteri
940 2051 1171 2145 libentillime
1185 2055 1309 2130 omnia
1323 2051 1530 2154 conferant,
1553 2052 1734 2132 dissensio*-

76 2179 212 2256 uesque
224 2155 493 2232 malevolonun
507 2147 765 2228 obmutescant.
786 2215 789 2221 a
818 2147 1011 2252 Exspestat
1030 2175 1067 2228 te
1080 2151 1262 2230 celsissima
1280 2154 1467 2272 dignitatis
1482 2155 1592 2255 sedes,
1608 2157 1672 2254 qui
1688 2153 1734 2232 ad

78 2255 299 2334 consulatum
317 2251 538 2357 propediem
553 2247 753 2326 vocaberis.
806 2251 914 2326 Vivis
933 2252 1044 2328 in'illa
1060 2275 1175 2354 etate,
1202 2277 1285 2353 quoe
1306 2256 1422 2353 vites,
1448 2279 1598 2355 nervos,
1619 2253 1733 2332 effica-

77 2359 236 2455 citatem,
262 2359 429 2432 animum
445 2349 699 2454 vigilem&ad
712 2351 837 2426 omnia
851 2357 1038 2430 momentu
1048 2353 1351 2456 circumspesium
1367 2357 1607 2432 commodare
1621 2357 1730 2434 rebui

78 2457 246 2560 gerendis
257 2451 390 2560 potest.
440 2453 561 2552 Tanta
572 2471 748 2552 praeterea
761 2448 845 2526 sunt
862 2453 900 2527 in
919 2474 959 2526 te
974 2475 1113 2530 naturae
1130 2454 1356 2534 &doetrinae
1364 2454 1540 2558 praesidia,
1554 2479 1649 2533 tanta
1659 2459 1731 2534 vir·

12 2633 14 2642 ,
79 2561 157 2634 tutis
176 2578 409 2656 ornamenta,¹
423 2576 464 2630 ut
479 2577 589 2630 nemo
601 2551 742 2652 lingua,
758 2575 871 2625 nemo
887 2575 995 2626 manu
1016 2551 1203 2654 promtior
1219 2559 1262 2629 in
1281 2555 1401 2630 senatu
1422 2556 1606 2656 habeatur,
1628 2558 1666 2632 br
1687 2558 1733 2633 ad

80 2657 320 2757 eloquentiam
336 2680 439 2734 tuam
451 2652 668 2754 Respublica
684 2672 760 2724 tota
775 2647 872 2744 quest
885 2653 1036 2728 attonita
1060 2653 1236 2730 uideamr.
1290 2655 1540 2755 Circumspice
1562 2659 1734 2732 Senatum

81 2782 247 2858 omnem,
269 2759 307 2836 dt
323 2763 437 2856 'quam
453 2753 629 2830 habemus
643 2747 865 2848 Reipublicae
880 2747 1048 2852 speciem,
1063 2755 1192 2829 animis
1206 2756 1393 2851 oculisque
1408 2754 1519 2851 versa,
1537 2781 1647 2830 nemo
1671 2754 1732 2853 est,

80 2862 140 2954 qui
152 2861 277 2936 ruenti
298 2858 454 2937 libertati
468 2855 622 2936 lacertos
639 2851 822 2945 lateraque
845 2847 1046 2951 supponat:
1059 2877 1166 2931 unus
1186 2852 1280 2931 solus
1307 2857 1477 2929 inventus
1501 2877 1550 2954 es,
1572 2857 1612 2929 in
1632 2856 1733 2956 cujus

82 2959 269 3058 prudentia
283 2947 1050 3061 positasmmesnosirassptohtbdmusw‘
1094 2973 1110 2989 '¹
1213 3026 1215 3034 ,

176 3083 211 3148 9.
236 3059 366 3164 Qraro
381 3055 449 3132 nist
464 3058 503 3132 in
519 3077 555 3129 te
573 3050 695 3154 ipsum
702 3050 799 3125 uelit
809 3047 885 3126 elie
898 3052 1061 3154 injurius,
1077 3075 1250 3154 tuamque
1259 3052 1475 3157 dignitatem
1491 3055 1731 3158 vilipendere,

81 3187 156 3258 que
170 3183 215 3236 ut
228 3165 328 3236 retie
343 3156 527 3256 fastorum
542 3161 669 3230 'comes
681 3152 811 3226 uuirir
825 3152 935 3229 bonis
951 3153 1175 3256 repudianda
1193 3153 1347 3253 nonest,
1370 3157 1412 3232 dt
1427 3157 1526 3259 cujus
1545 3179 1653 3233 amor
1666 3159 1732 3233 ho*

81 3261 183 3338 uestis
198 3263 383 3364 ingenium
402 3254 613 3334 animisesle
628 3251 735 3328 solet:
762 3252 824 3327 illu
832 3253 896 3328 tibi
916 3255 1004 3332 curu
1019 3277 1117 3332 nunc
1129 3259 1236 3332 unice
1250 3253 1469 3358 suscipienda
1484 3255 1545 3356 est,
1558 3280 1601 3333 ut
1616 3260 1734 3364 gloria

81 3361 140 3438 tibi
158 3362 378 3438 cumulatior
391 3357 526 3454 veniat,
539 3357 783 3452 omniumque
797 3356 977 3430 annalium
994 3359 1171 3433 memoria
1185 3355 1397 3432 celebretur.
1443 3379 1450 3394 ·
1514 3411 1518 3421 -

179 3486 234 3536 to.
260 3463 319 3537 Ac
333 3459 425 3556 sanc,
448 3455 476 3532 fi
494 3454 584 3554 quid
607 3477 682 3557 ego
702 3453 801 3528 redie
824 3452 961 3551 judico,
983 3456 1078 3530 nulla
1095 3453 1162 3530 tibi
1183 3455 1346 3532 firmiora
1369 3454 1437 3532 esse
1458 3455 1605 3559 possunt
1623 3457 1666 3532 ad
1686 3455 1733 3532 fr·

81 3587 171 3640 mam
192 3561 389 3665 parandam
410 3557 569 3653 subsidia,
588 3557 662 3630 boc
684 3576 865 3654 tempore,
885 3577 962 3650 quo
977 3555 1086 3657 Resp.
1115 3555 1279 3654 undique
1308 3579 1381 3632 tem
1413 3554 1579 3634 estatibus
1602 3557 1734 3639 obsessa

81 3662 233 3762 praesens
250 3661 322 3738 ex's
342 3660 436 3736 aliar
451 3655 692 3759 naufragium,
708 3651 864 3752 quamsi
880 3675 917 3728 tu
930 3658 1072 3756 petitus
1096 3655 1322 3760 gubernator
1341 3678 1361 3734 a
1383 3583 1552 3762 scopulis,
1575 3657 1733 3760 syrtibus

80 3767 115 3840 in
134 3765 300 3864 quietum
314 3687 488 3836 iibettaris
507 3778 658 3859 portum
676 3753 879 3830 deduxeris.
1414 3813 1420 3824 .
1540 3839 1547 3846 ,
1595 3839 1597 3846 ,

180 3890 235 3940 rr.
261 3861 390 3938 Scribo
405 3863 485 3936 brec
498 3857 542 3932 ad
562 3858 632 3953 Te,
649 3855 710 3931 sed
727 3853 937 3944 uerecunde
953 3854 991 3932 dt
1007 3854 1230 3934 dubitanter:
1257 3859 1495 3936 vehementer
1510 3860 1608 3934 enim
1624 3859 1734 3933 animi

82 3957 297 4066 pendebam,
311 3985 437 4038 utrum
451 3959 519 4035 has
533 3956 578 4034 ad
593 3973 633 4033 'te
655 3959 772 4034 literas
791 3954 929 4054 darem,
952 3981 997 4032 an
1020 3956 1084 4034 hus
1102 3959 1343 4064 cogitationes
1364 3984 1462 4036 meas
1484 3963 1522 4034 in
1542 3955 1752 4033 obscurita·.
1785 4011 1787 4016 ,

54 4087 58 4090 ·
84 4068 168 4142 te&
183 4064 324 4142 silentio
340 4069 570 4165 reponerem.
618 4056 689 4132 Sed
703 4058 791 4133 vicit
805 4055 956 4134 tandem
970 4081 1078 4157 atque
1092 4055 1319 4164 expugnavit
1333 4060 1549 4136 titubantem
1570 4059 1734 4132 animum

81 4183 196 4265 arnor,
210 4182 323 4264 quum
337 4164 406 4243 Rei
424 4177 444 4235 ’.
460 4183 570 4258 quem
586 4157 651 4236 tibi
675 4157 742 4260 ipli
760 4157 901 4236 debeo:
923 4159 1200 4263 cujus³geminis
1212 4162 1378 4237 incitum's
1393 4158 1552 4260 stimulis,
1578 4156 1734 4234 nihilha·

82 4263 163 4364 beo,
179 4259 285 4365 quod
296 4287 389 4342 excu
405 4287 475 4340 em.
526 4260 664 4358 Neque
679 4263 789 4358 enim,
812 4285 883 4357 qua
898 4283 935 4336 es
948 4261 1185 4358 humanitate,
1207 4266 1249 4338 in
1261 4259 1433 4338 sinisiram
1486 4285 1600 4338 artem
1625 4265 1735 4338 iuter·

82 4365 289 4470 pretaberis,
305 4389 387 4464 quae
407 4363 510 4466 bono
525 4385 616 4440 ame
630 4363 754 4436 animo
766 4360 895 4461 scripta
903 4359 964 4434 vel
976 4385 1037 4437 res
1047 4360 1247 4462 ipsutesiari
1265 4363 1395 4466 potest.
1471 4365 1735 4444 ‘antumaurem

84 4461 187 4566 abest,
205 4487 246 4546 ut
295 4465 529 4570 oedagogiam
552 4463 591 4539 in
608 4484 644 4536 te
663 4483 831 4538 exercete
848 4464 1010 4536 animum
1026 4461 1247 4562 induxerim,
1267 4462 1364 4562 quali
1378 4489 1464 4542 meo
1493 4466 1559 4540 tibi
1584 4463 1735 4544 consilio

86 4563 232 4744 denTtum
263 4492 497 4744 diluendum,
516 4560 611 4662 -quid
638 4581 684 4638 ex
705 4585 745 4638 re
767 4583 832 4642 tua
856 4559 926 4740 fiel,
936 4584 976 4640 ut
1000 4587 1021 4638 a
1040 4583 1084 4639 te
1108 4561 1289 4666 &pientia
1312 4564 1594 4668 prudentiaque
1617 4570 1738 4645 moni·

103 4747 112 4752 ,
170 4691 278 4758 umus
312 4724 321 4744 .
749 4721 750 4724 κ
932 4686 977 4739 rt
1586 4697 1589 4704 ¹
1703 4689 1738 4747 ta
