3908 5230
679 25 696 68 J

371 274 454 376 Cap.
486 266 550 353 XI.
573 267 632 346 De
647 269 791 378 Lingrtae
805 267 943 349 latina
963 269 1164 352 Aaronom
1183 276 1309 354 Aurea
1323 275 1474 356 AEtatir.
1527 213 1531 221 =
1670 291 1744 378 847

89 443 267 524 stiusfieti
286 441 386 546 posse
405 439 543 542 judicat
569 428 716 518 Aaou.
739 443 990 543 Senorros,
1017 443 1134 544 qui&
1154 437 1229 546 ipse
1250 443 1297 520 de
1317 443 1577 550 interpretibus
1593 437 1742 526 Cicero-

87 549 153 644 nis,
171 543 318 621 historia
331 566 488 644 opetum
501 543 606 642 illius,
622 543 880 642 eloquentia&
899 547 1112 642 imitatione,
1133 543 1432 648 elegantissimum
1445 547 1579 626 librum
1592 545 1742 649 scripsit,

88 648 195 744 eique
212 647 357 720 titulum
377 643 463 719 fecit
488 645 699 716 siciliensium
722 645 948 742 Qaslionum:
984 647 1049 742 qui
1070 645 1188 722 editus
1216 643 1266 720 est
1290 646 1483 748 Antwerp.
1520 664 1624 725 1610.
1646 651 1685 723 in
1704 665 1741 740 ⁸8.

86 746 205 824 Multa
219 748 280 821 hic
297 743 545 843 discutiuntur,
560 767 643 843 quae
659 742 820 846 spesiant
835 741 879 818 ad
894 745 1136 822 imitationem
1152 747 1191 822 dt
1213 745 1410 821 ledionem
1430 769 1505 822 tam
1531 751 1741 850 genuinam,
1758 765 1765 775 '

86 869 197 946 quam
214 870 375 948 pravam.
451 845 602 920 Notum
618 843 679 943 eil,
696 845 806 942 quam
821 841 1008 944 superiore
1024 845 1142 922 leculo
1158 845 1347 951 κακοζηλίορ
1360 845 1552 926 Ciceronis
1571 847 1742 928 insanive·
1800 922 1801 931 ,

85 951 159 1025 rint
174 947 342 1023 nonnulli
369 969 464 1046 quos
478 946 631 1048 integris
650 943 750 1022 libris
769 941 986 1020 acerbissane
1006 945 1089 1020 Viri
1115 947 1265 1044 quidam
1288 945 1481 1023 dottiffimi
1502 948 1739 1049 exagitarunt.

87 1045 318 1150 Spestathue·
336 1007 512 1122 siaasntr
537 1049 688 1148 Dialogus
702 1041 925 1130 dommianus,
949 1067 1061 1143 quem
1081 1045 1139 1120 ille
1158 1049 1303 1146 juvenis
1331 1044 1598 1124 adversus'hos
1621 1047 1770 1122 homin
1849 1127 1850 1130 Ν
1914 1083 1921 1100 =

87 1173 150 1227 nes
174 1145 400 1250 conscripsit:
439 1145 531 1222 male
552 1169 623 1247 pro
655 1167 752 1220 terea
777 1166 951 1247 exceptus
979 1147 1081 1239 aJul.
1100 1145 1240 1222 Caesare
1252 1148 1447 1251 Scaligero,
1474 1149 1538 1246 qui
1552 1149 1742 1224 acerrimas

85 1250 123 1325 in
137 1246 534 1324 Erasmuminveetivas
548 1245 608 1321 edi
636 1248 664 1320 it
679 1268 751 1346 pro
765 1243 956 1323 Cicerone.
1004 1245 1075 1321 Sed
1087 1245 1256 1324 Erasmus
1270 1271 1436 1350 preceps
1445 1245 1621 1348 judicium
1637 1246 1742 1325 suum

83 1347 209 1452 postea
228 1349 388 1425 correxit
400 1348 487 1450 ipse,
511 1347 548 1423 δι
567 1345 759 1422 Ciceronis
775 1345 977 1423 lesbionem
998 1367 1108 1445 atque
1134 1349 1376 1424 imitationem
1399 1373 1477 1523 prae
1500 1347 1673 1423 omnibus
1690 1350 1742 1424 in·

85 1451 260 1526 sulcavit:
285 1445 601 1548 quemadmodum
629 1447 667 1524 ὅ(
693 1469 770 1522 non
792 1449 912 1523 minus
932 1447 1155 1549 Scaligerum
1174 1447 1246 1524 suae
1269 1450 1306 1523 in
1326 1447 1397 1524 Era
1412 1471 1516 1524 mum
1540 1447 1742 1525 acerbitatis
1775 1520 1778 1542 ,
1872 1502 1875 1511 ·

85 1551 168 1652 plus
189 1548 299 1624 semel
313 1548 495 1649 paeninae.
571 1545 630 1624 De
644 1547 710 1622 hac
724 1569 765 1620 re
790 1571 896 1646 vero,
918 1547 956 1624 ἃ
977 1546 1023 1620 de
1043 1571 1155 1648 prava
1175 1550 1232 1624 illa
1256 1547 1421 1626 imitandi
1441 1551 1593 1646 ratione,
1613 1545 1696 1622 alibi
1718 1573 1738 1623 a

85 1650 194 1726 nobis
214 1647 354 1724 disium
369 1645 427 1722 est.
504 1649 688 1723 Mantus
709 1647 941 1724 'Ntzoatos
966 1646 1051 1722 huic
1070 1645 1134 1722 fini
1152 1647 1336 1752 scripserat
1366 1647 1555 1748 Thofiaiornm
1571 1647 1675 1722 suum
1691 1652 1739 1720 ci·

85 1758 293 1834 catonianum,
318 1773 430 1846 quem
456 1749 601 1825 Horta.
628 1749 897 1825 Sarrnauos
932 1745 1055 1824 libello
1081 1750 1253 1850 peculiari
1278 1751 1486 1850 exagitavit,
1514 1749 1573 1825 cui
1593 1747 1739 1822 titulum

83 1848 171 1924 fecit
198 1849 500 1948 Nizoliodidoscalos‚
526 1847 585 1922 seu
602 1849 775 1924 Monitor
796 1847 1127 1936 Ciceronianorum
1143 1850 1445 1944 Nizolianorum3
1487 1849 1551 1924 ubi
1575 1845 1739 1922 defectus

84 1949 161 2045 ejus
174 1948 280 2023 lexiei
294 1949 436 2049 plenius
452 1945 693 2044 recensentur,
712 1945 818 2024 Paris
839 1955 943 2047 1578.
965 1951 1003 2025 in
1017 1960 1049 2029 8.
1072 1947 1198 2025 Edidit
1221 1972 1371 2049 quoque
1390 1949 1594 2052 Stephanus
1615 1945 1739 2023 Dialo-

6 2067 7 2070 ’
111 2073 176 2125 um
189 2048 355 2146 alterum,
370 2049 429 2122 cui
443 2048 566 2124 titulus
582 2047 841 2148 Psiado-Cicoro:
863 2053 998 2150 inquo
1019 2075 1096 2125 non
1112 2047 1241 2127 'solum
1263 2051 1310 2126 de
1331 2048 1454 2132 multis
1480 2049 1526 2124 ad
1548 2047 1741 2148 Ciceronis

6 2171 7 2174 ’
80 2073 292 2234 {rmonem
306 2148 571 2247 pertinentibus
584 2169 768 2249 monetur,
784 2148 844 2225 led
862 2152 901 2227 ἃ
920 2152 1001 2250 quis
1023 2147 1183 2228 delesius
1210 2151 1427 2248 editionum,
1455 2151 1501 2226 ὃς,
1516 2176 1598 2249 quae
1628 2150 1667 2223 in
1690 2146 1739 2224 le·

80 2245 211 2354 gendo
226 2251 345 2323 cautio
361 2245 563 2323 adhibenda
580 2245 633 2347 lit,
652 2248 759 2324 Paris
776 2277 879 2348 1577·
894 2255 931 2326 in
950 2264 982 2336 8.
1010 2249 1109 2353 apud
1128 2249 1338 2327 austoremss
1376 2251 1485 2326 Plura
1500 2251 1546 2325 dc
1565 2246 1740 2332 hisCice-
1814 2320 1820 2330 ,

6 2371 8 2378 ’
81 2348 245 2424 ronienis
270 2346 465 2447 κακοζήλοις
484 2349 558 2452 legi
571 2347 729 2524 possunt
749 2349 849 2452 apud
869 2351 1156 2428 Taubmannum
1179 2355 1218 2427 in
1238 2349 1386 2452 ,Differo
1408 2352 1456 2428 de
1482 2353 1625 2454 Lingua
1645 2348 1739 2424 Lati·

80 2473 138 2524 na.
217 2445 411 2552 Pergimus
433 2473 569 2525 nunca
617 2451 765 2520 editiones
780 2449 955 2550 Operum
982 2451 1320 2528 Ciceronianorum.
1352 2519 1354 2530 .
1396 2449 1456 2528 De
1475 2453 1603 2525 ineditis
1620 2446 1742 2526 videa·

8 2613 10 2616 .
81 2569 146 2624 tur
165 2543 323 2624 Hieron.
347 2547 539 2626 Cardenus
564 2553 602 2621 in
625 2546 734 2623 libro¹
749 2547 797 2622 de
821 2551 1003 2624 elatorum
1024 2551 1204 2624 Virorum
1228 2555 1304 2626 vita
1330 2552 1368 2626 dt
1395 2551 1494 2628 libris
1502 2578 1513 2645 3
1548 2553 1613 2648 qui
1634 2571 1741 2648 repe·

83 2650 176 2724 titur
199 2647 238 2722 in
263 2671 423 2750 operum
450 2647 524 2762 ejus
553 2648 683 2722 Tomo
709 2647 753 2723 X.
830 2648 967 2724 Illustre
997 2653 1092 2724 inter
1127 2647 1318 2748 deperdita
1349 2649 1541 2724 Ciceronis
1575 2655 1659 2752 Opus
1690 2645 1741 2722 est
1847 2737 1851 2742 p

84 2750 123 2822 de
144 2754 194 2820 Ro
216 2747 324 2832 oblico,
349 2749 450 2848 cujus
460 2745 638 2845 jasiutam
652 2749 786 2823 merito
800 2745 986 2850 lugemus:
1012 2747 1196 2850 supererat
1211 2748 1329 2822 adhuc
1343 2770 1514 2850 tempore
1522 2747 1622 2823 Petri
1630 2743 1743 2820 Pisia-

6 2919 7 2924 ,
85 2851 169 2923 vien
186 2847 416 2946 asmonachi,
441 2845 659 2922 observante
683 2845 1044 2924 BarthioAdversar.
1066 2847 1088 2921 l.
1105 2845 1251 2921 XXXll.
1278 2873 1307 2922 c.
1338 2873 1368 2944 5.
1446 2847 1550 2924 Idem
1571 2845 1741 2924 Barthius
1774 2903 1778 2912 ·

86 2947 224 3025 ibidem
241 2973 269 3024 e.
290 2963 344 3036 18.
361 2946 485 3044 refert,
500 2943 709 3052 superfuisse
723 2946 826 3023 illum
840 2968 925 3024 ante
947 2972 1063 3024 annos
1084 2973 1161 3023 non
1182 2945 1274 3024 adeo
1299 2949 1436 3026 multos
1459 2951 1497 3024 in
1520 2944 1742 3024 monasterio
1846 3027 1851 3034 ,

6 3093 7 3124 ;
88 3050 253 3146 quodam
265 3046 522 3145 Rittershusro,
549 3048 650 3146 cujus
670 3049 708 3123 in
730 3047 784 3122 rei
802 3045 915 3124 fidem
937 3051 1020 3125 citat
1041 3046 1126 3144 Joh.
1143 3043 1260 3124 Henr.
1288 3049 1556 3126 Meibomium:
1597 3047 1757 3123 Verum'

6 3223 7 3228 ,
87 3171 182 3230 errat
245 3149 349 3225 rocul
371 3145 486 3222 dubio
514 3147 694 3246 Barthius,
723 3171 803 3226 tum
836 3149 875 3224 in
914 3152 1065 3226 nomine
1104 3149 1335 3246 Monaslerii3
1376 3150 1480 3248 quod
1511 3169 1742 3249 nequaquam

88 3175 383 3345 Rirrersbufinm,
406 3244 467 3323 sed
490 3247 825 3349 Riddaghusanum,
851 3247 922 3324 dici
948 3249 1138 3343 debuerat3
1174 3269 1254 3324 tum
1279 3251 1317 3324 in
1341 3256 1491 3327 nomine
1513 3249 1623 3352 ipsius
1647 3249 1741 3324 Mei-

87 3346 222 3424 bomii:
261 3375 346 3424 nam
369 3347 554 3425 Henticus
580 3347 819 3448 Melbomius,
838 3370 954 3450 pater,
977 3374 1089 3448 quem
1120 3351 1149 3424 is
1173 3349 1354 3446 intellioit,
1378 3349 1541 3453 quodam
1563 3351 1648 3426 loco
1674 3347 1741 3423 hu·
1823 3360 1827 3371 “

84 3445 140 3546 jus
164 3449 250 3525 libri
273 3446 409 3526 faciens
431 3451 672 3548 mentionem,
691 3457 800 3552 periit,
825 3451 955 3548 inquit,
978 3449 1029 3546 iste
1052 3447 1215 3548 tbefiturut
1237 3457 1270 3519 in
1286 3415 1365 3522 ¹sesa
1390 3457 1583 3523 Germanico.
1655 3433 1778 3525 Per-'²'

89 3549 206 3627 ierunt
232 3567 386 3648 quoque
409 3548 502 3625 *libri
534 3549 724 3628 Ciceronis
748 3551 787 3622 de
817 3552 948 3622 Gloria:
984 3547 1061 3648 nist,
1087 3549 1190 3646 quod
1217 3574 1387 3653 magnam
1413 3573 1555 3654 partem
1581 3549 1742 3626 transcri-

90 3671 176 3750 ptos
193 3651 277 3727 illos
299 3675 321 3724 a
343 3647 457 3726 Petro
480 3649 670 3751 Alcyonio
695 3652 734 3726 in
757 3649 853 3726 libro
880 3647 927 3726 de
950 3647 1086 3750 Exilio,
1118 3672 1229 3748 quem
1263 3649 1483 3768 conscripfit,
1508 3648 1742 3728 colomefius
1864 3685 1877 3700 ·

91 3771 240 3829 annotat
267 3749 398 3826 Cimel.
424 3751 572 3829 Literar.
599 3778 630 3830 c.
659 3775 714 3847 15.
793 3748 980 3854 Operum,
1004 3775 1087 3849 qnae
1119 3747 1320 3850 supersunt,
1359 3751 1540 3828 editiones
1571 3754 1742 3854 plurimae

91 3847 178 3928 sunt.
278 3852 432 3927 Venetae
463 3850 640 3928 editiones
673 3854 766 3927 male
794 3849 947 3927 audiunt
979 3851 1077 3926 aud
1108 3851 1324 3954 Scioppium
1356 3854 1394 3928 in
1422 3851 1570 3952 Syllabo
1605 3852 1743 3926 Latinae

68 3947 237 4055 lingua,
261 3949 461 4029 Paradoxis
495 3951 676 4027 Literariis
708 3951 870 4050 adjeea03
909 3949 974 4026 ubi
996 3877 1044 4028 sse
1063 3951 1139 4026 ille:
1181 3959 1336 4024 Ciceromr
1357 3953 1504 4024 editiones
1541 3955 1661 4024 Veneta
1681 3975 1744 4021 fre·

91 4062 241 4127 cautiores
259 4054 392 4140 fiammis
415 4051 531 4125 aboleri
548 4049 706 4137 debebant,
738 4079 847 4123 cructt
879 4077 964 4134 vero,
978 4051 1039 4152 figi
1071 4053 1271 4156 typographis
1301 4073 1339 4124 ur
1363 4051 1546 4124 documemo
1571 4055 1636 4151 fiat
1666 4053 1747 4134 aliis,

92 4173 130 4219 ne
150 4173 216 4226 tam
235 4139 410 4250 deformem
435 4158 550 4238 Volero
574 4161 690 4224 utamini
712 4155 865 4226 maculam
894 4162 1084 4254 imprimant.
1157 4149 1282 4282 Qam
1305 4151 1365 4226 ille
1386 4151 1523 4228 causam
1550 4173 1622 4228 tam
1648 4173 1745 4227 acer·
1785 4150 1787 4161 ’

94 4245 144 4324 bii
160 4253 284 4351 judicii
307 4250 473 4329 habuerit
499 4251 619 4328 dicere
644 4279 722 4329 non
747 4250 913 4354 poliam:
956 4277 1076 4350 neque
1102 4254 1209 4328 etiam
1234 4251 1323 4326 Aldi
1353 4273 1414 4328 aut
1437 4252 1537 4327 Pauli
1559 4253 1744 4326 Manutio·
1865 4327 1875 4344 ,

95 4371 177 4428 rum
201 4354 380 4431 editiones
406 4377 491 4429 eum
515 4351 574 4429 his
597 4353 720 4430 verbis
733 4350 897 4456 sugillare
911 4353 1060 4453 opinor,
1076 4376 1236 4450 quorum
1254 4351 1313 4426 ille
1329 4354 1471 4454 primus
1493 4349 1620 4452 Opera
1643 4350 1747 4428 Cice·

95 4455 194 4530 tonis
210 4453 369 4552 junsiim
383 4451 513 4529 edidit:
539 4453 706 4530 hisvero
722 4457 814 4530 inter
829 4454 1037 4556 praecipuos
1058 4451 1218 4551 ejusdem
1233 4453 1286 4526 M.
1303 4451 1416 4526 Tullii
1437 4449 1687 4529 emendatores
1705 4451 1744 4529 dt

99 4552 948 4656 commentatoresomniumeoosensunumerari
960 4555 1103 4633 meruit.
1121 4550 1266 4667 Prodiit
1275 4549 1386 4652 editio
1395 4551 1664 4732 PauliVenetg
1662 4579 1743 4652 540.
1847 4663 1851 4670 Υ
1882 4609 1902 4636 „1

1624 4751 1628 4758 .
1682 4681 1742 4755 41·
1910 4720 1913 4728 ,
