3986 5246
5 365 9 528 p
257 381 270 440 ·.
316 269 404 420 Cdp.
421 311 484 396 Xl.
508 311 550 394 de
563 311 666 394 libris
681 259 1302 458 Pbyficissecretioribus,‘precipue
1332 311 1510 404 chemicis.
1652 337 1721 420 103
1757 367 1762 374 -

5 537 7 570 ,
68 483 338 602 Clienticorum
353 473 459 563 autor
474 483 535 588 est,
549 485 611 565 etsi
624 455 703 564 ndn
726 483 903 567 omnium.
955 487 1139 603 Quadam
1164 491 1262 566 enim
1284 514 1331 568 ex
1350 489 1417 568 illis
1437 463 1650 566 Zolimianis
1665 487 1724 588 ju-

5 611 6 620 *
70 609 206 665 morem
226 609 381 662 aetatem
397 588 609 687 loquuntur,
630 610 672 665 ut
690 580 856 665 observat
878 590 1082 666 Reinelius:
1117 587 1281 688 Ideoque
1299 592 1359 666 vel
1379 590 1488 666 alium
1510 613 1640 664 eorum
1662 611 1722 666 co·

73 687 288 793 gnominem
302 709 482 788 autorem,
504 687 562 763 vel
576 690 692 764 veteri
713 686 896 791 supposita
911 681 978 766 elle
992 697 1172 792 oporten'
1203 689 1274 764 Sed
1295 689 1341 766 de
1354 687 1505 768 Zosrmo
1519 689 1582 764 illo
1597 683 1723 790 postea

71 788 178 892 plura.
228 786 378 863 Incerta
393 811 484 904 ergo
501 786 547 863 de
562 785 711 893 Pelagio
724 791 849 865 omnia
863 789 953 866 sunt.
1124 869 1127 876 k
1413 791 1417 799 “

164 885 287 1062 Q?
301 889 338 962 in
357 886 483 964 cod1ce
502 885 785 992 Altenburgensr
803 889 956 970 habetur
973 891 1037 988 fra
1058 907 1197 962 nuatum
1223 890 1340 987 Ostanes
1360 883 1577 990 Philosophi
1597 885 1641 962 ad
1657 885 1721 962 Pe·
1739 901 1786 980 27

72 985 194 1068 talium
275 985 404 1069 eadem
420 985 630 1064 divinaarte
659 986 928 1090 suppolitirium
1030 917 1137 1065 lec-io
1153 990 1186 1062 dr
1201 986 1369 1080 Reinelio
1391 987 1549 1084 videmr,
1572 984 1720 1066 florb-

67 1113 152 1167 nem
164 1087 330 1191 primum
345 1087 514 1190 Magum,
528 1109 591 1163 aut
606 1048 783 1166 &stenem
797 1087 1007 1188 sectmdum,
1026 1113 1071 1166 eo
1089 1087 1291 1190 intelligere
1304 1089 1470 1171 velimus.
1515 1089 1536 1135 *
1551 1087 1722 1165 Tertium
1737 1089 1787 1170 28'

70 1210 161 1294 ergo
179 1186 366 1288 quendam
384 1186 493 1264 nobis
510 1184 686 1265 Ostanem
702 1184 810 1293 fingit
826 1186 1024 1289 Reinestus,
1041 1213 1127 1266 cum
1139 1185 1285 1266 Ostanis
1301 1213 1439 1267 nomen
1454 1186 1625 1263 omnibus
1642 1187 1721 1263 Ma·
1792 1239 1798 1250 -
1889 1203 1892 1214 '

69 1294 122 1397 gis
146 1287 336 1366 Persarum
351 1311 549 1382 commune
569 1285 705 1364 fastum
722 1288 881 1394 Scaliger
900 1287 1067 1368 fateatur:
1104 1290 1167 1388 qui
1200 1291 1294 1366 circa
1314 1289 1358 1366 Α.
1372 1288 1418 1366 C.
1439 1311 1520 1380 300.
1542 1288 1581 1362 in
1600 1286 1650 1362 AE
1679 1312 1721 1388 y·

96 1415 134 1469 to
150 1391 300 1487 vixerit,
313 1388 577 1464 alteriusetiam
595 1387 813 1489 Democriti,
835 1414 912 1467 non
926 1389 1116 1468 Abderitae
1130 1387 1239 1490 illiue,
1255 1412 1533 1492 praeceptorem.
1581 1387 1602 1436 *
1662 1411 1721 1464 am
1738 1417 1787 1488 29

68 1419 327 1570 liemocritum
343 1488 387 1563 ab
407 1484 542 1565 Ostane
568 1486 754 1590 edoiium,
783 1492 891 1566 etiam
908 1491 1061 1592 ¹antiqui
1081 1490 1287 1605 Scriptores
1317 1488 1499 1595 testantur.
1549 1485 1613 1563 Ad
1628 1486 1724 1563 hanc¹

68 1591 279 1672 sententiam
290 1587 411 1692 ipsum
426 1588 580 1690 impellit
591 1589 752 1690 primum
784 1589 887 1688 quod
901 1613 1070 1693 ternpore
1084 1589 1139 1667 Re
1168 1614 1198 1665 ts
1213 1587 1344 1667 Persici
1357 1589 1517 1690 Saporis,
1530 1589 1595 1686 qui
1614 1585 1719 1663 A.C.
1767 1607 1771 1614 ·

69 1720 150 1789 270.
166 1691 376 1804 imperavit,
393 1690 432 1763 in
448 1685 605 1764 Perliam
620 1689 728 1768 iverit
779 1691 987 1790 emortuus,
1006 1690 1124 1767 artisa
1151 1687 1327 1766 discendae
1342 1689 1451 1788 causa,
1470 1686 1573 1788 quod
1594 1709 1640 1762 ex
1654 1687 1722 1786 Sy·

70 1792 165 1873 nelio
181 1791 332 1888 aliisque
350 1790 439 1866 locis
453 1787 560 1888 hujus
577 1786 728 1873 Codicis
741 1788 899 1904 probare
917 1791 1013 1886 vult3
1038 1815 1123 1866 cum
1135 1811 1255 1865 tamen
1271 1789 1342 1866 illic
1358 1789 1491 1866 nullius
1505 1788 1560 1863 Re
1589 1789 1631 1886 is,
1659 1781 1720 1864 sed
1844 1815 1849 1822 ·

94 1891 281 1995 bilosophi
294 1888 439 1990 Sophar
453 1891 594 1966 mentio
610 1887 803 1998 fiatpcujus
818 1915 903 1965 cum
919 1889 1022 1996 Rege
1034 1889 1078 1965 Sa
1107 1911 1173 1966 ore
1197 1887 1449 1966 confundendi
1479 1811 1616 1966 cauda
1646 1883 1721 1963 nul·
1753 1962 1763 1970 .

70 1921 133 2071 im
147 1989 279 2068 vide‘o:
307 1987 438 2066 deinde
452 1987 558 2088 quod
578 2010 700 2068 tamen
715 1989 846 2068 Graeea
862 1990 919 2067 illa
932 2011 1012 2066 tum
1027 1989 1066 2066 Ο
1118 1991 1192 2089 nis,
1214 2010 1293 2066 rum
1313 1989 1519 2067 Democriti
1542 1989 1722 2085 antiquio·

69 2119 141 2170 rem
157 2089 339 2189 indolem,
356 2114 464 2190 quam
478 2109 599 2178 cetera
613 2089 688 2190 ejirs
702 2087 796 2190 libri,
814 2087 838 2164 s
856 2092 961 2190 irent,
975 2091 1058 2166 licet
1072 2088 1118 2164 ad
1141 2110 1284 2167 aetatem
1304 2089 1509 2168 Democriti
1529 2086 1721 2163 Abderitae

70 2208 142 2272 non
159 2191 361 2268 ascendant.
409 2188 548 2266 Eadem
568 2186 619 2264 est
637 2186 792 2266 Salmasri
828 2194 984 2266 ententia
1017 2193 1083 2289 qui
1105 2214 1213 2279 comm.
1232 2199 1266 2262 in
1285 2193 1378 2264 Solin.
1394 2213 1468 2294 pag.
1482 2197 1547 2265 ura
1565 2189 1631 2264 ita:
1656 2191 1719 2258 De·

68 2301 218 2384 macrim
260 2287 575 2388 wnvusibditin'us
579 2291 634 2390 Jir,
647 2300 811 2394 antiquum
825 2310 929 2364 tantm
945 2251 999 2392 effi·
1010 2307 1156 2394 oportere
1181 2297 1294 2393 quippe
1309 2317 1402 2394 quem
1413 2298 1509 2364 citari
1524 2289 1646 2363 videam
1661 2289 1723 2385 di}
1852 2339 1856 2352 -

67 2397 154 2494 nepo,
167 2321 332 2496 Stepiano,
347 2415 385 2462 ac
401 2391 526 2487 Zossmo,
538 2385 745 2492 scriptoribus
764 2391 924 2488 Clpmr'cis,
937 2419 974 2464 ac
988 2397 1073 2464 inter
1090 2397 1196 2494 princi
1230 2388 1305 2466 s&
1323 2413 1444 2466 veteres
1466 2397 1547 2464 artis
1568 2389 1646 2462 illius
1665 2413 1719 2472 au«,
1863 2423 1867 2433 =

69 2493 300 2568 toreslrudm'.
349 2488 456 2590 Haec,
472 2510 512 2565 ut
526 2513 659 2566 verum
673 2487 794 2590 fatear,
811 2514 883 2592 pro
897 2489 1116 2568 Democrito
1130 2489 1168 2566 dc
1224 2489 1320 2567 stane
1334 2489 1580 2590 vindicando,
1600 2489 1718 2594 magis
1823 2539 1826 2544 ,

67 2595 218 2671 militare
234 2590 420 2670 videntur.
469 2589 590 2690 Nam,
618 2587 771 2674 fistmili
789 2592 930 2667 licentia
948 2592 985 2668 in
1008 2591 1084 2668 aliis
1102 2589 1306 2668 Autoribus
1327 2592 1381 2668 uti
1406 2591 1573 2690 velimus,
1596 2610 1718 2666 novos
1769 2641 1772 2646 ·
1847 2605 1849 2616 ·

68 2694 362 2799 Amphitruone's
378 2688 543 2770 &Sosiae
557 2693 595 2802 ip
609 2687 842 2768 scenacritica
856 2688 1106 2770 formabimus.
1153 2695 1176 2738 ⁴*
1191 2689 1280 2767 Esto
1303 2711 1410 2790 vero,
1437 2714 1517 2765 non
1534 2686 1606 2764 elle
1638 2689 1717 2765 haec
1737 2715 1787 2789 30
1826 2741 1829 2748 «

71 2795 198 2873 Graeea
217 2790 366 2878 Ostanis
387 2813 556 2892 tempore
573 2788 725 2892 scripta,
749 2811 951 2892 potuerunt
972 2791 1030 2867 illa
1049 2791 1113 2866 lon
1143 2815 1167 2866 0
1192 2811 1362 2892 tempore
1384 2781 1467 2890 post
1487 2789 1527 2865 in
1548 2787 1720 2879 Graecam
1747 2863 1753 2875 ,

80 2897 87 2912 ’
245 2890 313 2968 elle
328 2889 502 2968 converb
507 2917 519 2987 3
542 2915 584 2966 ac
602 2887 699 2966 forte
718 2892 776 2966 illa
788 2889 914 2966 ultima
930 2888 1051 2989 verba,
1066 2814 1164 2964 unde
1181 2914 1259 2965 non
1275 2889 1484 2988 abantiquo
1499 2883 1725 2992 Ostane‚sed

68 3019 88 3071 a
135 2991 308 3070 brilliano
323 2993 447 3094 aliquo
459 2988 634 3094 scriptum
649 2990 724 3067 hoc
736 2987 984 3093 fragmentum
1006 2989 1219 3090 conjiciebat
1236 2985 1434 3087 Reinelius,
1460 2985 1591 3087 quibus
1611 2990 1720 3089 gloria

69 3101 138 3168 Deo
153 3093 193 3172 is
204 3097 283 3167 Filio
295 3087 339 3168 ὅ*
352 3095 382 3170 5
405 3099 490 3165 ‘ritui
501 3091 615 3166 sancto
632 3090 856 3188 acclamatur,
880 3087 1075 3167 Christiani
1100 3088 1285 3188 cujusdam
1304 3113 1414 3166 manu
1435 3087 1621 3191 prioribus
1635 3089 1717 3191 pie·
1810 3148 1815 3162 Δ
1905 3121 1910 3128 ·

68 3198 145 3272 tatis
160 3189 391 3294 oeufiadje
473 3189 588 3268 Reate
610 3207 703 3268 vero
729 3185 913 3266 Reinelius
933 3189 1023 3269 Scali
1052 3215 1156 3267 erum
1175 3187 1431 3294 reprehendit,
1453 3191 1518 3288 qui
1538 3185 1718 3266 Ostanem
1788 3189 1791 3194 ’

67 3291 272 3372 Democriti
289 3290 559 3466 Mystagppum
573 3313 619 3368 ex
632 3315 679 3368 eo
698 3312 820 3394 neget,
858 3290 962 3389 quod
983 3289 1022 3368 Ο
1075 3312 1160 3368 nem
1178 3291 1317 3368 Xerxes
1336 3291 1375 3365 in
1393 3287 1577 3366 Graeciam
1602 3287 1718 3364 comi.
1775 3307 1781 3315 ¹

66 3417 149 3496 rem,
165 3393 322 3496 (dequo
339 3393 418 3466 Plin.
451 3402 531 3486 250.
551 3417 602 3466 cn.
619 3389 781 3468 xnoscere
793 3414 861 3492 per
882 3413 1026 3468 aetatem
1048 3415 1124 3468 non
1145 3393 1320 3494 potuerit,
1341 3415 1426 3474 cum
1447 3407 1493 3464 ex
1513 3387 1717 3466 Herodoto

63 3495 226 3574 laertius
242 3491 389 3570 testetur
416 3493 577 3568 Xerxem
590 3494 628 3568 in
644 3491 827 3582 Graeciam
844 3511 1089 3568 transeuntem
1112 3515 1196 3568 cum
1218 3493 1378 3566 exercitu
1395 3488 1494 3592 apud
1509 3487 1718 3588 Democriti

64 3595 210 3672 Patrem
226 3553 416 3670 divertilli.
469 3589 646 3669 Ceterum
661 3589 706 3666 ad
719 3589 839 3667 Persas
852 3589 1012 3669 vidiores
1029 3592 1124 3667 illam
1140 3593 1180 3666 in
1199 3590 1250 3665 AE
1307 3612 1375 3692 pto
1389 3586 1603 3672 custoditam
1617 3589 1731 3692 Sura-p

63 3693 343 3802 ngditalmlarn,
387 3717 443 3773 uae
451 3695 657 3798 ignoratam
668 3688 1229 3768 u'niverfiorbisconcordiamde
1244 3687 1627 3793 criplit,&maximam
1636 3689 1716 3766 Ma·

90 3799 97 3811 ‘
176 3791 293 3872 artem
312 3719 478 3893 abllrlvir,
497 3789 683 3892 transtisse,
712 3791 878 3890 querintr
906 3789 1143 3882 Gaulminus,
1166 3789 1381 3896 praefatione
1399 3788 1445 3866 ad
1466 3787 1717 3866 Theodorum

62 3821 132 3971 gpae
164 3919 332 3972 romum:
359 3918 443 3973 eum
461 3893 682 3969 Graecorum
698 3891 838 3968 Medici
853 3889 978 3967 divam
999 3891 1223 3972 Medicinam
1243 3891 1345 3994 plebi
1360 3888 1631 3994 prostituerent,
1655 3913 1716 3965 cu·

62 3995 115 4095 jus
132 3996 307 4076 interiora
324 3997 414 4119 olim
429 3995 551 4098 Reges
566 3991 605 4069 dr
617 3990 829 4070 Sacerdotes
847 3987 913 4067 libi
927 3990 1169 4069 vindicabant.
1259 4095 1262 4098 Ι

155 4197 376 4298 ¹Sequuntur
388 4191 535 4310 Oilanis
547 4191 795 4298 fragmentum
810 4191 849 4268 in
860 4189 993 4308 'codice
1006 4191 1254 4308 illoDemocrr'ti
1263 4147 1440 4293 Phyfira&
1453 4191 1576 4290 applica
1589 4183 1647 4265 seu
1661 4213 1713 4266 ar-
1731 4219 1777 4292 3¹
1873 4193 1875 4196 ’

65 4297 345 4446 capaReinelim
358 4313 407 4371 'ut
416 4291 596 4412 'vidimus'
607 4319 680 4396 pro
695 4287 1713 4474 supppsttptfftiesrppprrambpltplopsscoffigigpsppuplptpp

61 4393 551 4613 llte'isalialdr'riilrissrdlqdllislrld
560 4398 621 4573 lpec
663 4419 838 4610 illirici
851 4417 1152 4596 medicmiuallara
1166 4417 1714 4608 dritadoetiffitpossirrichto
1776 4507 1792 4558 ·.

61 4599 348 4714 irgeniolissimts
364 4594 609 4690 maorabusin
629 4593 886 4676 dercauone
898 4591 1087 4676 Hermetis
1106 4595 1299 4707 eliduntur.
1349 4593 1394 4674 ln
1407 4583 1627 4770 scriptorplm
1641 4589 1714 4708 De3

576 4715 584 4724 '
1606 4715 1717 4775 ocrttr
1840 4717 1844 4724 ·
