3970 5236
131 241 137 302 ζ
233 278 309 357 442
401 265 404 271 ’
577 341 581 350 .
675 257 676 262 ‘
816 195 1147 356 ronamzitarar:
1160 247 1238 331 lib.
1253 245 1302 350 ss.

231 419 311 522 dia,
328 421 550 520 quaomnia
570 441 824 524 corrumpunt,
844 405 1019 520 re‘motus,
1035 445 1112 497 noa
1133 419 1317 596 plagosae,
1337 443 1415 495 non
1430 413 1614 517 molestus,
1630 413 1689 494 sed
1705 418 1898 520 patientis·

240 521 363 623 sunus,
384 521 655 600 &humanitate
672 545 810 624 pueros
825 521 864 600 dt
885 520 982 621 quast
997 523 1145 620 quibust
1157 549 1215 598 am
1230 520 1363 597 deliciis
1377 520 1416 595 in
1433 517 1555 596 officio
1568 522 1737 596 retinens.

343 722 443 800 Mihi
456 721 499 798 ab
515 720 588 796 hoc
603 720 687 796 loco
702 743 781 796 non·
798 722 953 797 alienum
968 720 1086 798 visum
1105 719 1166 820 est,
1192 720 1218 795 fi
1235 719 1375 824 infigne
1393 719 1468 798 hoc
1483 718 1675 823 specimen,
1693 717 1801 820 quod
1819 719 1899 798 seli·

240 827 329 900 citer
342 825 380 898 in
401 846 479 898 rem
497 819 607 921 ipsam
622 818 821 895 dedudium
834 819 897 922 cst,
914 819 1022 898 fufius
1043 823 1104 897 hic
1126 845 1373 923 exponerem:
1399 824 1568 918 namqui
1589 819 1734 896 coasrlia
1756 815 1900 898 schola·

220 921 324 997 'stica
338 921 420 998 alias
433 919 676 1022 suppeditant,
695 945 832 1022 magno
850 919 884 995 sc
900 920 1060 998 offerunt
1076 937 1244 997 numero.
1293 919 1365 995 Sed
1383 923 1475 996 intra
1498 919 1617 996 ideam
1659 921 1801 1019 letique
1815 918 1900 998 sub-

180 1041 224 1121 53
241 1021 374 1099 lislam.
424 1022 497 1098 Hic
510 1023 600 1096 vivo
616 1021 789 1121 exemplo
805 1021 887 1122 plus
900 1019 1064 1097 docetur.
1141 1021 1161 1069 *
1186 1021 1282 1096 Non
1299 1023 1427 1119 miror,
1442 1017 1612 1120 praestarc
1625 945 1699 1096 doc
1712 1023 1753 1094 in
1771 1043 1899 1121 puero

242 1123 397 1200 decenni
419 1145 562 1224 patrem
576 1117 740 1223 potuisse,
763 1119 800 1194 dt
821 1119 933 1196 credo
952 1119 1043 1222 line,
1065 1122 1125 1197 vel
1147 1122 1251 1196 citius
1267 1120 1341 1197 hoc
1359 1119 1439 1194 fieti
1456 1117 1622 1222 potuisse.
1696 1119 1800 1198 Bene
1820 1119 1899 1196 suc·

177 1219 182 1229 ’
203 1232 206 1242 ’
242 1219 341 1298 cellit
357 1223 413 1297 illa
426 1217 649 1318 informatio,
663 1222 746 1317 quia
760 1241 862 1319 patet
875 1220 953 1320 fuit,
963 1225 1027 1320 qui
1039 1222 1131 1297 serio
1143 1242 1251 1319 atque
1259 1241 1305 1295 ex
1318 1223 1440 1295 animo
1457 1221 1580 1295 omnia
1595 1221 1682 1394 epp,
1692 1220 1758 1317 qui
1770 1219 1899 1320 ipsum
1918 1297 1924 1306 ,

242 1335 377 1426 urgere
399 1323 586 1398 continuis
602 1320 915 1396 exhortationibus
938 1325 1078 1422 potuit,
1113 1307 1257 1426 qu'alem
1278 1344 1430 1421 operam
1451 1343 1471 1394 a
1494 1318 1616 1394 condu
1655 1323 1684 1394 is
1707 1317 1897 1422 magistris

241 1448 428 1521 nunquam
443 1420 637 1521 exspesies.
699 1421 806 1496 Unus
820 1417 899 1519 fuit,
916 1439 1024 1518 atque
1040 1424 1078 1495 in
1091 1444 1208 1496 unum
1221 1443 1377 1498 omnem
1391 1416 1715 1494 suam-industriam
1733 1443 1896 1501 chvet·
1977 1497 1978 1514 ,

176 1516 227 1620 ’34
241 1525 297 1602 titt
367 1526 385 1570 l
412 1523 456 1597 ln
471 1519 654 1612 methodo
677 1518 767 1594 nibil
788 1543 1014 1622 magnopere
1037 1519 1298 1619 desiderabili
1325 1517 1429 1617 quod
1450 1543 1603 1594 omnem
1624 1518 1669 1594 ab
1688 1519 1756 1594 hac
1783 1539 1895 1598 aetate
1977 1523 1978 1576 ἓ

195 1647 196 1652 ‘
238 1625 371 1726 praxin
399 1624 441 1697 in
463 1617 728 1723 componendo
744 1617 911 1694 sermone
933 1617 1060 1696 cessare
1084 1622 1214 1718 voluit,
1240 1619 1340 1718 cujus
1363 1620 1446 1695 leve
1472 1619 1698 1718 exercitium,
1725 1619 1767 1696 δι
1785 1623 1895 1697 velut
1977 1627 1978 1686 Γ

112 1771 115 1778 .
235 1723 507 1828 προγύμνασμα,
521 1745 594 1798 tam
614 1722 653 1795 in
667 1715 784 1822 prosa,
801 1743 910 1817 quam
928 1720 1098 1823 inligata,
1117 1717 1377 1796 instituendum
1393 1717 1559 1794 arbitror.
1635 1717 1710 1795 Pro
1726 1719 1893 1796 leslione

235 1827 358 1923 prima
376 1827 533 1925 vulgatae
548 1817 725 1895 versionis
739 1819 874 1920 Latinae
890 1819 1037 1896 Biblicae
1053 1843 1126 1920 ego
1139 1818 1319 1923 elegissem
1334 1820 1472 1894 minuta
1490 1817 1658 1915 quadam
1676 1816 1892 1919 Colloquia,

240 1922 358 2018 qualia
373 1948 393 1997 a
407 1923 531 1996 multis
550 1919 678 2018 scripta
699 1918 892 1994 babemus:
919 1918 969 1993 est
993 1923 1091 1996 enim
1107 1922 1276 2024 Vulgatae
1298 1915 1411 1994 disiio
1435 1917 1716 2016 quodammodo
1730 1943 1751 1993 a
1767 1922 1890 2022 genio
1941 1956 1945 1965 ¹

176 2041 197 2119 ς
204 2045 220 2118 5
241 2020 644 2098 emendatae'latinitatis
664 2016 825 2092 alienior.
901 2020 923 2064 a
947 2015 1143 2096 Poetarum
1168 2018 1372 2120 ledionetq
1388 2017 1737 2107 ceterisAutoribns
1755 2019 1893 2121 praefe-

237 2119 389 2217 rendam
406 2145 483 2196 non
505 2116 692 2218 improbo,
713 2119 802 2212 quin
819 2120 942 2218 potius
965 2121 1087 2196 multis
1108 2143 1154 2195 ex
1177 2119 1288 2197 causts
1307 2118 1453 2217 suadeo,
1475 2119 1662 2219 praecipue
1686 2119 1793 2217 quod
1813 2122 1891 2196 ani-
1977 2135 1978 2188 Ὺ

235 2245 318 2296 mus
334 2217 542 2296 sublimiore
558 2216 719 2316 quodam
732 2214 858 2316 spiritu
873 2221 1060 2318 excitetur,
1082 2221 1120 2295 dt
1140 2218 1335 2313 numeroso
1351 2218 1496 2292 dicendi
1545 2219 1645 2292 eneti
1660 2242 1805 2296 mature
1825 2218 1890 2296 ad·

175 2325 224 2418 36
236 2318 434 2420 suescat,·&
450 2318 683 2396 concinnitati
702 2313 878 2392 sermonis
894 2319 973 2392 h'aec
993 2318 1102 2396 ledio
1125 2320 1222 2394 viam
1236 2317 1375 2394 sternat.
1409 2369 1411 2372 -
1449 2320 1469 2366 *
1534 2320 1617 2392 elim
1642 2341 1800 2396 tamena
1817 2321 1891 2396 ser·

231 2443 352 2497 mone
374 2419 493 2497 soluto
510 2417 827 2516 'enthymematico
848 2417 886 2492 dc
906 2417 1098 2519 periodico
1121 2444 1198 2494 non
1226 2421 1381 2494 omnino
1404 2420 1519 2494 arceri
1539 2419 1709 2494 tironem.
1784 2422 1889 2498 Non
1977 2413 1978 2422 '

235 2545 367 2620 parum
379 2523 418 2596 in
432 2521 493 2595 illo
508 2515 614 2620 situm
630 2511 691 2614 est,
712 2536 754 2590 ut
774 2537 913 2593 mature
929 2516 1221 2594 consecutionem
1237 2517 1459 2620 periodicam
1475 2541 1543 2620 per
1557 2519 1748 2619 particulas
1769 2519 1889 2598 causa·
1977 2517 1978 2522 ’

77 2637 82 2660 ·‘
165 2673 172 2682 1
225 2619 572 2718 les,conditionaleS,
581 2616 800 2716 exceptivas,
811 2615 1048 2694 adversativae
1058 2618 1125 2699 dte
1142 2617 1345 2724 cognoscat.
1396 2619 1438 2692 ln
1453 2617 1677 2716 quemusum
1691 2619 1890 2702 breviores

229 2717 411 2823 Epistulas
426 2717 629 2815 Ciceronis,
644 2715 681 2790 dt
691 2718 848 2790 maxime
860 2715 1049 2794 familiares
1063 2717 1131 2794 sele
1162 2721 1362 2807 itSturmiur,
1379 2719 1468 2794 item
1481 2718 1668 2795 sententias
1682 2719 1888 2798 secundum

230 2817 473 2897 diversitatem
486 2816 730 2922 periodorum
748 2809 940 2894 ordinatas.
1012 2819 1093 2894 Alia
1107 2743 1160 2894 ed
1169 2817 1344 2895 sermonis
1360 2820 1399 2893 in
1414 2816 1573 2894 Historia
1590 2818 1789 2920 ordinatio,
1816 2826 1888 2922 qui

171 2941 410 3028 „perpetua
424 2919 639 3014 narratione,
671 2913 824 3012 &quast
846 2941 913 3017 per
934 2918 1098 2994 membra
1123 2918 1232 2996 fufius
1252 2918 1420 2993 decurrit.
1494 2927 1517 2973 '⁸‘
1540 2917 1678 3016 Neque
1691 2943 1764 3021 ego
1784 2947 1887 3025 gno·
1977 2933 1978 2958 *

231 3043 307 3092 mas
321 3019 476 3098 morales
492 3017 622 3090 breves
634 3017 671 3089 dt
685 3015 829 3112 alicujus
847 3020 1027 3093 momenti
1041 3019 1079 3093 in
1097 3019 1170 3093 hoc
1184 3017 1525 3119 primostudiorum
1540 3019 1719 3094 currictdo
1734 3019 1888 3100 damna·
1977 3053 1978 3062 ¹

229 3119 358 3190 verim.
434 3117 589 3190 Haerent
611 3115 733 3188 animo
755 3139 877 3202 earum
901 3139 1025 3191 rerum
1048 3116 1152 3214 ideae,
1177 3117 1239 3193 etst
1263 3142 1341 3193 non
1364 3116 1450 3193 satis
1469 3117 1526 3192 illa
1550 3121 1653 3193 aetate
1675 3119 1882 3198 iutelledlte.
1977 3165 1978 3172 κ

225 3211 373 3290 Deinde
394 3241 464 3316 pro
486 3213 637 3310 Juslino,
665 3237 869 3312 quanquam
892 3216 935 3288 in'
952 3215 1098 3292 historia
1119 3219 1262 3320 elegans
1285 3215 1549 3318 compendium
1571 3215 1725 3318 praestat,
1749 3225 1883 3297 malim
1977 3253 1978 3256 ¹

227 3315 338 3389 elium
355 3340 471 3391 aureae
486 3316 598 3390 atatis
616 3315 854 3413 Scriptotem,
873 3312 1088 3390 Cornelium
1105 3318 1306 3418 Nepotem.
1379 3318 1440 3393 Sat
1452 3337 1590 3391 mature
1604 3316 1752 3396 historia
1776 3320 1883 3396 disci·
1977 3317 1978 3330 ’

85 3489 91 3496 ,
171 3433 299 3534 ‚gnra
372 3415 468 3500 *Ad
488 3413 567 3514 styli
589 3412 847 3488 formationem
868 3417 986 3514 major
1003 3440 1116 3516 opera
1138 3415 1346 3492 insumenda
1362 3415 1420 3491 est.
1494 3415 1618 3492 Habet
1638 3417 1695 3491 illa
1709 3417 1882 3497 Romana
1977 3435 1978 3450 ¹

229 3537 344 3606 aureae
360 3517 472 3591 aetatis
487 3513 598 3589 didio
618 3513 752 3609 aliquid
767 3512 943 3616 singulare
956 3518 995 3590 in
1016 3541 1153 3591 vocum
1172 3513 1324 3614 delesiu,
1343 3515 1475 3618 posrtu,
1497 3517 1749 3615 concinnitate,
1766 3516 1882 3622 ligni·
1977 3569 1978 3580 a

124 3619 126 3624 ’
227 3605 394 3690 batione
424 3611 617 3715 pbralium,
650 3637 735 3687 cum
756 3615 814 3687 alii
839 3615 999 3690 Antores
1019 3617 1219 3692 aRomana
1243 3617 1300 3691 illa
1351 3617 1483 3702 urirate
1501 3618 1657 3690 multum
1679 3615 1879 3696 discedant.

158 3734 168 3748 ¹
225 3711 275 3788 Et
301 3739 359 3788 me
385 3715 533 3813 quidem
560 3713 681 3812 judice
708 3711 849 3814 praestat
871 3737 891 3786 e
919 3715 1074 3792 lediione
1098 3719 1250 3817 optimae
1273 3643 1447 3790 didionis
1466 3718 1586 3817 prima
1612 3713 1744 3792 ducere
1765 3718 1880 3794 linea·

127 3837 129 3840 ·
190 3869 193 3878 Δ
230 3835 351 3890 menta
365 3813 553 3912 sermonis,
567 3837 675 3910 quam
689 3837 708 3887 e
724 3815 903 3888 variarum
918 3836 1062 3892 actatum
1076 3813 1219 3892 mistura
1234 3839 1351 3916 pravo
1370 3814 1588 3891 illumsucco
1604 3813 1780 3916 imbuere,
1794 3843 1880 3896 non

223 3909 325 3990 facile
340 3911 464 4016 postea
482 3913 647 3990 eluendo.
719 3913 873 3989 Haerent
886 3919 1009 3991 animo
1024 3943 1065 3992 ac
1079 3935 1270 3992 recurrunt
1284 3918 1397 4016 primi
1414 3915 1464 3989 illi
1478 3913 1667 3990 Autorum
1688 3915 1878 4018 circuitus,

222 4012 402 4114 formulae,
412 4015 666 4118 particularum
681 4037 807 4112 nexus,
819 4013 989 4114 acpostea
1006 4021 1082 4092 no'n
1091 4013 1457 4091 animadvertentibus
1470 4013 1505 4088 se
1521 4015 1704 4116 ingerunt.
1751 4015 1783 4089 F
1783 4015 1880 4094 abet·
1977 4049 1978 4100 t

175 4161 180 4169 -
222 4135 326 4214 vero,
349 4138 389 4191 ut
412 4115 568 4218 videtur,
592 4115 957 4214 literatorempotius
976 4115 1100 4216 csilio,
1119 4141 1227 4214 quam
1243 4113 1446 4190 Oratorem
1466 4109 1512 4188 ad
1525 4137 1629 4215 purte
1646 4116 1877 4211 antiquitatis
1977 4125 1978 4188 ἱ

100 4229 101 4234 ’
252 4211 381 4315 ullum,
400 4214 559 4310 formare
574 4217 701 4290 voluit.
778 4213 838 4310 Ac,
857 4213 1024 4290 videmus
1045 4214 1124 4292 sane
1140 4217 1323 4318 plerisque
1339 4213 1495 4312 CriticiS,
1516 4237 1591 4312 quo
1609 4211 1796 4290 dodiores
1816 4217 1878 4292 illi
1977 4247 1978 4314 3

217 4236 310 4412 dant,
327 4314 433 4390 inesse
448 4316 663 4416 peculiarem
678 4313 831 4408 aliquam
845 4311 1013 4398 didionis
1028 4315 1157 4413 ideam,
1173 4339 1281 4412 quam
1296 4339 1372 4390 non
1386 4307 1777 4416 egenioClafficorum
1790 4314 1877 4417 Αμ-

217 4413 421 4512 torum,sed
437 4439 578 4511 eorum,
588 4416 624 4488 in
639 4435 799 4510 quorum
812 4411 966 4490 lediione
979 4413 1187 4518 frequentes
1202 4412 1293 4512 sunt,
1307 4416 1561 4514 velaquorum
1571 4411 1728 4490 lediione
1742 4433 1877 4493 recen·
1977 4399 1978 4422 ¹

215 4514 562 4618 tes‚venerunt,ipli
578 4511 827 4594 fibiformant.
898 4513 1414 4616 Nimirumfiinliloqucntia
1432 4513 1638 4618 formanda,
1661 4514 1767 4637 quod
1785 4514 1877 4633 steri

1742 4639 1877 4720 Pfflm
1977 4701 1978 4716 t
