3950 5236
50 271 111 344 ·.
212 321 285 396 51„
479 227 483 230 ’
791 273 958 387 Polylisl.
986 277 1096 358 tam.
1149 269 1296 357 tull.

213 457 355 540 miserae
371 455 450 556 lint,
461 461 585 556 'mem
601 453 658 530 illa
672 450 774 528 velut
791 449 988 528 emachina
1001 446 1123 525 Deum
1145 442 1339 548 exspesiet.
1358 485 1362 491 ·
1415 439 1478 538 Tu
1493 463 1585 516 vero
1600 440 1697 518 livia
1718 430 1873 552 publico

215 563 320 639 bono
348 561 443 636 inte
462 579 528 633 ora
540 573 765 631 convertunt
780 573 923 648 omnes,
936 550 974 624 in
991 569 1026 623 te
1041 547 1197 624 velutin
1215 544 1374 620 anchora
1389 541 1480 616 licta
1494 537 1703 635 confidunt,
1728 543 1798 612 n'ec·
1809 563 1879 648 pu-

217 685 269 752 to,
285 621 357 738 falli
373 657 455 733 illos
471 679 497 730 o
526 656 651 729 inione
664 647 866 749 sua,'modo
886 671 927 724 tu
944 643 1110 750 praestes,
1124 653 1171 721 ne
1190 642 1251 747 spe
1275 641 1334 717 sua
1356 640 1576 742 dejiciantur.
1600 671 1605 682 ·
1633 643 1640 692 -'
1648 635 1880 740 Noilioptl-

217 773 300 860 me,
326 753 416 855 quid
431 756 478 831 ha
515 775 603 829 enus
625 754 664 827 in
681 771 779 825 tuam
805 746 980 824 virtutem
1003 745 1123 844 injtuii
1145 741 1435 819 rumusculorum
1456 735 1647 840 sparserint
1670 733 1880 814 nebulones

219 857 407 954 nonnulli,
431 849 671 953 quafiscilicet
685 849 929 952 negligentius
949 845 1094 922 salutem
1110 843 1293 946 publicam
1305 839 1533 936 mactaveris,
1556 844 1765 940 parumque
1787 861 1882 1011 pen-

220 956 451 1056 sthabueris,
475 949 638 1027 anslaret
652 946 843 1031 caderetve
859 946 967 1048 Resp.
1044 943 1116 1019 Illis
1179 963 1275 1040 ooo,
1299 941 1445 1039 quoties
1476 937 1559 1018 tulit
1584 934 1744 1034 occasu,
1767 959 1794 1014 o
1821 951 1883 1013 tu'·

218 1059 320 1150 ravi3
346 1075 466 1152 neque
487 1047 702 1152 persuadere
715 1046 807 1122 mihi
821 1044 977 1146 possum,
995 1044 1033 1119 in
1046 1065 1086 1116 te
1100 1063 1148 1117 ve
1175 1041 1323 1135 minima
1337 1035 1437 1116 fuisse
1451 1036 1513 1114 abs
1533 1049 1569 1111 te
1587 1058 1799 1138 peccatum,
1813 1041 1885 1138 qui

218 1159 382 1234 animum
395 1151 507 1227 habes
519 1147 563 1223 ad
584 1167 798 1248 temporum
826 1145 863 1222 dt
882 1145 1042 1221 sortunae
1060 1139 1212 1216 fulmina
1228 1135 1446 1237 iamdudum
1469 1133 1736 1234 obfirmamm’3'
1771 1135 1882 1213 aut'fi
1921 1175 1926 1186 ·

218 1257 416 1356 quicquam
435 1245 610 1326 remill'tus
623 1242 744 1347 egisti,
768 1240 917 1321 servasse
935 1263 1079 1344 reputo
1100 1243 1197 1316 vires
1219 1241 1379 1341 integras
1401 1235 1441 1312 dt
1465 1235 1577 1310 latera·
1599 1233 1715 1340 Reip..
1731 1236 1884 1318 ruinam

219 1351 404 1430 minitanti·
441 1349 514 1424 'alio
528 1367 697 1447 tempore
714 1345 831 1458 magis
846 1341 1050 1446 profutura.
1098 1340 1214 1414 Nunc
1226 1359 1319 1441 ergo
1336 1336 1465 1412 cumin
1474 1335 1576 1410 illum
1590 1331 1794 1434 llatum'res
1809 1361 1883 1414 no·

219 1451 301 1538 stne
316 1449 386 1528 sint
400 1410 580 1543 deduilae,
600 1465 642 1519 ut
656 1439 733 1544 spei
748 1466 813 1517 vtx
828 1442 931 1518 locus
951 1438 1096 1516 relictus
1119 1435 1173 1536 stt,
1198 1435 1290 1513 soris
1310 1459 1380 1511 nos
1406 1435 1594 1528 vellicante
1618 1433 1748 1535 Gallo,
1771 1435 1887 1514 donri

220 1549 363 1630 inlidias
382 1544 600 1624 struentibus
613 1541 667 1618 Ca
686 1545 691 1557 '
710 1543 797 1640 nis,
819 1543 982 1618 animum
1003 1563 1107 1615 tuum
1131 1533 1305 1633 extende,
1330 1557 1511 1636 exprome
1536 1531 1689 1610 istorum
1709 1533 1885 1615 confilio-

220 1675 304 1730 rum
319 1647 524 1743 thesauros,
546 1665 657 1742 atque
675 1643 687 1715 i
729 1639 767 1716 id
783 1639 1251 1744 curamcogirationemque
1264 1633 1448 1736 impende,
1457 1657 1527 1732 qua
1535 1653 1613 1710 arte
1625 1637 1742 1710 averti
1755 1630 1884 1740 aliep.

180 1833 184 1837 ,
223 1759 388 1826 elltrema
403 1741 539 1848 pollinr
549 1741 717 1846 pericula.
769 1739 863 1816 Haec
880 1740 964 1838 tibi,
977 1760 1018 1814 ut
1033 1735 1083 1812 est
1098 1736 1143 1811 ad
1158 1736 1262 1836 Reip.
1278 1733 1428 1808 salutem
1447 1732 1709 1832 honestiffima,
1723 1737 1776 1812 'ira
1798 1742 1885 1814 uni·

146 1899 149 1908 ‹
220 1873 260 1926 ca
275 1847 322 1922 ad
335 1869 437 1924 tuam
453 1845 631 1947 gloriam,
655 1841 741 1915 via·
774 1838 857 1914 Nisa
873 1838 1165 1941 publicoamore
1184 1831 1411 1910 dusiurbaec
1426 1829 1637 1932 scriberem,
1661 1836 1725 1908 vix
1738 1835 1887 1916 excust-

219 1950 253 2027 rl
270 1944 387 2050 pollet
404 1967 483 2020 mea
497 1941 649 2016 audacia.
690 1941 807 2014 Nun'c
823 1963 915 2013 vero
932 1961 1018 2012 cum
1036 1937 1092 2010 his
1107 1931 1255 2010 stimulis
1270 1934 1448 2037 agitatum
1467 1951 1529 2007 me
1543 1931 1618 2036 ipse
1644 1933 1774 2010 sentire
1796 1932 1887 2036 pos·

174 2065 176 2070 ’
220 2047 288 2146 srs,
314 2047 359 2120 da
378 2065 550 2144 operam,
574 2061 616 2115 ut
630 2035 741 2112 iidem
756 2062 775 2112 a
790 2059 855 2112 tuo
871 2037 1020 2138 ingenio
1036 2031 1196 2136 profesii
1209 2055 1245 2107 re
1260 2031 1395 2108 fortius
1410 2029 1602 2107 incendant
1622 2027 1754 2108 stimuli
1760 2059 1772 2128 ;
1799 2061 1885 2134 quo

221 2145 462 2248 dignitatem,
485 2161 568 2237 quae
580 2161 652 2310 per
664 2133 699 2208 se
717 2135 856 2230 suranna
869 2133 938 2234 est,
965 2154 1040 2210 tam
1054 2133 1231 2236 praeclara
1245 2127 1432 2209 occasione
1444 2128 1491 2206 ad
1503 2127 1690 2234 posteros,
1709 2131 1755 2242 ,δι
1784 2135 1886 2218 ultra

219 2246 344 2322 omnia
357 2241 469 2320 secula
491 2259 578 2314 exto
604 2259 657 2332 as.¹
704 2233 805 2309 Vale.

158 2503 200 2600 ¹³
271 2445 274 2452 ’
391 2437 696 2582 Responsoria
711 2433 770 2542 ad
780 2437 987 2580 priorem
1004 2427 1253 2576 epistolam,
1280 2471 1339 2540 ex
1355 2431 1445 2576 Ep,
1461 2466 1516 2578 4
1533 2361 1609 2540 lib.
1626 2465 1701 2545 10.
1870 2474 1876 2480 ·

318 2649 370 2726 lta
383 2650 490 2751 plane
502 2642 573 2744 est,
597 2667 639 2722 ut
650 2641 797 2740 ‘scnbis5
822 2645 894 2722 viae
908 2667 1036 2722 omnes
1052 2643 1250 2723 interclusae
1266 2641 1367 2744 sunt,
1390 2665 1510 2742 neque
1528 2644 1721 2743 quisquam
1741 2643 1882 2727 advos

220 2773 414 2838 excurrere
429 2745 629 2826 tabellarius
645 2769 713 2848 per
726 2743 790 2822 has
807 2746 949 2821 viarum
968 2743 1146 2821 molestias
1154 2742 1286 2848 potest,
1293 2767 1369 2841 quo
1384 2741 1521 2818 sudium
1538 2741 1600 2844 est,
1616 2765 1661 2820 ut
1676 2743 1772 2822 sileat
1780 2749 1883 2826 inter

217 2873 288 2930 nos
307 2849 492 2927 literarum
510 2846 788 2944 commercium,
828 2844 905 2920 uod
927 2845 1027 2922 nullo
1035 2853 1205 2947 tempore
1213 2844 1305 2919 mihi
1316 2864 1436 2918 tecum
1452 2836 1656 2943 potestesse
1679 2841 1883 2960 ingratum.

218 2949 328 3028 Nihil
339 2949 438 3028 enim
452 2944 624 3048 profesio
636 2943 706 3044 est,
730 2869 835 3042 quod
853 2947 906 3020 tui
919 2942 1015 3020 causa
1033 2943 1149 3024 subire
1164 2945 1299 3020 nolim:
1326 2947 1451 3045 patent
1462 2939 1755 3043 tibimeaofficn,
1768 2965 1880 3026 totus

220 3071 294 3163 ego
309 3070 392 3122 ntus
403 3045 493 3142 sum,
509 3043 547 3118 δι
559 3043 597 3115 ln
610 3044 664 3116 tui
676 3051 840 3118 amorem
853 3065 909 3120 tot
924 3069 984 3119 me
999 3045 1193 3146 impellunt
1213 3041 1386 3146 causae,ut
1392 3043 1450 3118 vel
1460 3037 1534 3118 stne
1555 3041 1665 3118 literis
1674 3045 1745 3120 tuis
1752 3049 1881 3123 norni-

219 3171 276 3224 nts
295 3147 348 3220 tui
362 3143 540 3218 memoria
558 3140 650 3216 mihi
661 3138 803 3314 semper
818 3146 855 3216 in
871 3144 995 3218 animo
1011 3141 1157 3241 hereat,
1173 3144 1250 3218 imo
1257 3141 1365 3243 plane
1377 3137 1428 3215 ob
1437 3141 1565 3218 oculos
1579 3143 1707 3218 metita
1722 3145 1783 3220 tua'
1791 3167 1880 3221 ver·

218 3243 350 3321 sentur.
398 3239 457 3318 De
474 3263 553 3316 mea
567 3241 687 3338 iraque
704 3237 730 3314 fi
757 3262 838 3315 ene
855 3238 999 3317 dubites
1030 3264 1139 3344 rogo,
1155 3244 1271 3339 quiin
1288 3261 1323 3315 te
1337 3239 1496 3316 colendo
1512 3243 1666 3342 petriam
1679 3241 1771 3318 mihi
1785 3270 1880 3322 con·

218 3343 396 3419 stituetim
413 3339 653 3416 sansiitatem:
676 3337 815 3442 parebo
825 3337 999 3416 tuisconfi
1013 3336 1504 3441 iia,quaeutsuntpaudentiae
1515 3338 1880 3441 pleniffimaitaaffe·

221 3441 323 3518 stum
341 3465 445 3517 tuum
454 3439 625 3515 omnibus
634 3440 793 3515 numetis
807 3437 1011 3516 absolutum
1020 3437 1202 3518 testantur.
1251 3440 1294 3515 ln
1308 3461 1467 3537 utroque
1492 3461 1528 3515 te
1545 3439 1719 3540 admiror,
1739 3443 1813 3540 qui,
1830 3469 1878 3524 ur

219 3565 383 3640 amorem
398 3539 490 3616 mihi
505 3561 609 3614 tuum
624 3537 833 3637 declarares,
846 3535 1125 3640 prudentissimo
1140 3535 1290 3620 confillo
1309 3535 1503 3614 subvenisti
1512 3563 1524 3634 3
1573 3560 1613 3616 ut
1635 3540 1877 3641 prudentiam
1963 3624 1966 3628 ,

219 3637 447 3738 ostenderes,
469 3638 578 3712 bonae
593 3638 789 3714 voluntatis
803 3635 901 3736 quast
916 3641 1046 3728 nuntio
1060 3661 1170 3738 atque
1183 3641 1387 3740 interprete
1399 3636 1479 3714 usus
1494 3635 1598 3714 fuisti.
1647 3639 1684 3714 A
1699 3665 1759 3716 me
1776 3642 1875 3744 ipso,

218 3737 440 3815 imoabona
454 3757 577 3824 mente
592 3738 749 3836 abirem,
772 3732 884 3813 struis
901 3757 974 3852 ego
999 3739 1296 3820 monitis-locum
1321 3761 1398 3813 non
1421 3737 1684 3836 relinquerem,
1710 3737 1876 3838 ideoque

217 3838 279 3914 vel
292 3835 363 3916 sola
377 3835 574 3912 voluntatis
588 3859 659 3911 tuae
674 3834 864 3912 declaratio
877 3861 1038 3912 animum
1047 3859 1235 3914 nutantem
1244 3834 1486 3912 confirmaret.
1521 3835 1587 3913 'lit
1606 3840 1877 3919 vcronlhildu-

216 3935 308 4038 bitu,
331 3936 426 4014 nulla
441 3938 478 4010 in
494 3957 533 4009 re
551 3935 827 4033 haere0,e0dem
843 3933 923 4037 spes
932 3959 1092 4034 votaque
1100 3961 1178 4012 mea
1191 3935 1396 4034 collineant,
1405 3959 1481 4034 quo
1491 3959 1529 4012 tu
1540 3936 1804 4039 respiciendum
1820 3941 1875 4018 esl

213 4039 251 4116 se
268 4033 410 4210 putasti.
462 4032 568 4137 Qud
580 4057 701 4110 autem
717 4033 811 4133 esset,
828 4037 929 4133 cujus
942 4039 1058 4138 gratia
1072 4035 1116 4112 ab
1132 4036 1206 4113 hoc
1220 4059 1291 4137 pro
1323 4033 1417 4110 olito
1432 4033 1892 4138 meputererdlmoteri?¹

215 4133 266 4211 du
294 4161 358 4211 um
420 4155 517 4210 otor
530 4131 689 4210 fortunae
706 4131 891 4209 beneficiis
900 4133 1086 4236 mallatus,
1095 4135 1195 4234 cujus
1205 4159 1278 4238 ego
1287 4059 1648 4212 livoremambiam?
1669 4139 1877 4236 cnjuslucri

213 4231 384 4336 spesme''
415 4228 1875 4336 ‘ciat?qulcumsempermihihonoremproposttumhabuetim,unumhoclio·

213 4355 272 4408 nte
285 4333 392 4408 famae
404 4327 623 4407 beneficium
637 4331 745 4407 rebus
754 4335 843 4406 meis
857 4328 942 4406 addi
953 4331 1055 4433 posse
1065 4331 1217 4434 sperem.
1268 4329 1459 4434 Qucquid
1474 4336 1594 4434 itaque
1609 4335 1700 4412 meis
1711 4361 1874 4417 movere

212 4453 348 4533 potero
368 4429 520 4529 viribus,
536 4429 573 4505 id
588 4451 627 4504 ut
641 4429 745 4529 Reip.
758 4428 861 4505 bono
878 4429 939 4505 fiat
967 4455 1118 4508 omnem
1134 4435 1286 4535 operam
1305 4457 1502 4530 curamque
1518 4435 1566 4508 im
1619 4433 1740 4510 udam.
1776 4439 1874 4538 Scis,

211 4551 343 4631 quamn
358 4527 401 4608 sit
415 4525 579 4616 sensuum
598 4529 636 4608 ἀ
653 4531 862 4608 ulmorum
879 4491 1090 4610 nostrorum
1105 4531 1344 4634 conspiratio:
1369 4555 1453 4608 nam
1471 4531 1567 4610 vela
1591 4531 1730 4611 sentem
1738 4537 1875 4616 videre

1769 4639 1874 4717 milti
