3970 5236
239 261 325 363 ,448
400 246 421 332 ¹,
781 223 975 349 Ῥώμῃ
1011 239 1168 338 Lirerar.
1214 184 1295 316 ¹Lib.
1314 234 1397 354 ss·
1502 204 1508 212 .

170 383 175 400 Ι
250 429 456 510 verborum
479 439 704 518 exerceatur,
721 414 760 493 dt
779 414 969 510 breviores
993 395 1185 488 Ciceronis
1212 406 1405 512 Epistulas,
1428 402 1476 484 ad
1496 403 1709 484 Terentiam
1737 371 1906 484 &Tiro-

252 554 351 626 nem‚
368 545 556 627 exponere
571 520 727 620 incipiat.
778 511 898 618 Qrod
912 539 989 590 uno
1004 535 1102 586 anno
1117 511 1280 585 melioris
1290 509 1427 612 ingenii
1435 529 1591 608 puerum
1606 504 1807 582 absolvere·
1834 504 1906 582 olle
1972 557 1973 572 ι

226 627 449 706 ,exlllimatt
474 619 521 698 de
536 643 612 719 quo
632 640 753 694 tamen
769 639 843 718 ego
858 612 1112 689 dubitaverim.
1164 607 1206 690 In
1220 608 1349 684 ordine
1367 605 1513 703 osiavo,
1529 629 1627 682 anno
1647 605 1780 682 scilicet
1815 690 1818 702 ,
1838 607 1907 708 pti·

248 749 331 826 mo,
375 725 475 800 rimis
494 718 555 796 sex
570 715 751 794 menfibus
770 713 879 792 tradit
901 711 1039 788 duabus
1053 707 1219 808 quotidie
1245 708 1348 784 horis
1377 707 1664 782 Grammaticam
1684 705 1908 804 breviorem,

191 875 196 884 ·
256 830 296 904 dt
308 753 489 922 reliquum
506 815 685 921 temporis
702 814 789 892 d'nas
803 811 936 912 itidem¹
948 809 1067 908 horas,
1082 805 1389 914 Eclogisllirgilii
1402 805 1442 904 δι
1456 803 1633 907 Epistolis'
1644 803 1837 884 Ciceronis
1852 809 1912 882 tri·

253 927 343 1003 buit.
416 916 618 998 Dissolvere
645 915 748 1016 jubet
761 910 954 1016 Epistulas,
978 907 1125 986 desiere
1150 933 1191 983 ac
1213 911 1350 984 variare
1367 903 1543 982 verbalin
1598 905 1699 1005 laea
1726 929 1771 981 ue
1788 904 1909 984 rursus
1972 905 1973 914 '

255 1028 390 1122 conjun
420 1043 490 1097 ere.
560 1009 1026 1099 Rationemconstruendoe
1043 1009 1218 1104 orationis
1239 1011 1276 1084 in
1294 1005 1515 1110 posteriores
1553 1029 1599 1080 ex
1618 1029 1678 1082 me
1719 1029 1757 1082 es
1775 1003 1909 1110 differt,
1972 1049 1973 1098 ;

250 1047 443 1226 jungendo
454 1113 642 1218 'Epistulas
655 1111 847 1191 Ciceronis
862 1111 900 1186 dt
918 1111 1068 1214 Virgilii
1082 1105 1250 1209 Eclogas,
1267 1130 1307 1184 ut
1325 1107 1527 1182 alternatim
1549 1104 1610 1182 hae
1636 1103 1850 1206 tradentur,
1873 1108 1910 1184 δι

222 1235 225 1238 ’
256 1245 414 1323 quatuor
428 1219 532 1298 horae
550 1214 766 1291 ledrionibus
780 1211 826 1286 de
841 1209 900 1286 die
921 1207 1198 1313 impendantur„
1263 1205 1481 1306 Proponere
1505 1227 1584 1282 tum
1608 1203 1830 1310 Magistrum
1858 1207 1911 1306 ju·

257 1323 320 1400 bet
334 1319 522 1396 sententias
543 1313 911 1414 Germanicalingua,
930 1332 1018 1408 quas
1033 1331 1126 1410 puer
1151 1305 1281 1384 formis
1305 1307 1439 1382 Latinis
1460 1327 1681 1408 commutet:
1707 1309 1911 1384 canninurn

255 1444 407 1522 quoque
429 1414 732 1511 modulationem,
751 1409 810 1487 sed
837 1412 1012 1486 exercitio
1034 1409 1158 1509 potius
1183 1429 1297 1506 quam
1318 1407 1472 1509 regulis,
1496 1404 1754 1509 suscipiendam
1777 1405 1909 1484 suadet.
1972 1435 1973 1448 ι

255 1523 299 1597 In
314 1519 471 1620 septimo
486 1512 617 1591 ordine
633 1535 730 1590 anno
750 1509 884 1586 osiavo
900 1509 938 1584 dt
951 1507 1090 1612 singula
1108 1509 1243 1608 prioris
1274 1509 1360 1584 anni
1379 1505 1455 1582 asia
1471 1505 1618 1608 semper
1638 1505 1851 1608 repetenda,
1874 1509 1910 1586 dt
1972 1537 1973 1604 ἦ

184 1635 187 1642 “
256 1618 428 1698 versuum
449 1613 587 1692 modos
605 1613 644 1690 dt
657 1609 874 1711 syllabarum
886 1605 1372 1781 quantitatescperdiscendas
1395 1627 1541 1699 moner3
1553 1609 1616 1702 cui
1628 1605 1763 1682 nna-de
1778 1605 1842 1684 die
1850 1609 1911 1686 ho·

257 1715 497 1796 rasuffece'rit.
547 1711 739 1788 Ciceronis
754 1709 909 1786 librisdc
922 1715 1068 1780 Annicitia
1145 1704 1305 1805 [meritare
1325 1706 1429 1782 aliam
1458 1706 1591 1796 horam
1607 1704 1773 1784 tribuit(
1821 1707 1911 1786 Ter·

257 1823 346 1897 tiam
364 1813 515 1891 AEneidi
533 1812 758 1914 Virgilianae,
782 1810 846 1884 vel
863 1805 1076 1884 Catullianis
1100 1806 1137 1882 dt
1162 1804 1376 1899 Tib'ullianis
1399 1806 1617 1882 carminibus
1639 1803 1852 1885 castioribus
1876 1811 1911 1884 in

175 1935 178 1940 .
256 1918 357 1992 hunc
370 1913 473 2000 usum
486 1907 631 1987 seleffis·
683 1911 862 2084 (ligartam
880 1908 1010 1982 horam
1025 1903 1120 2006 stylo
1138 1901 1347 2021 propositis
1374 1927 1420 1992 ex
1441 1905 1630 2007 explicetis
1647 1904 1843 1983 Ciceronis
1862 1907 1910 1984 lo.

259 2019 309 2106 cis
329 2011 560 2109 thematibus,
582 2009 619 2084 δι
633 2009 726 2084 veri
753 2031 796 2084 us
817 2009 855 2082 in
874 2005 1056 2082 ordinem·
1070 1967 1280 2107 redigendis
1295 2003 1455 2109 affigunt.
1530 2003 1681 2082 Interim
1709 2005 1748 2081 dt
1771 2031 1910 2084 memo·
1972 2061 1973 2066 ι

153 2127 155 2134 ’
258 2117 350 2192 riam
365 2135 547 2209 exercete,
563 2109 602 2184 dt
619 2107 730 2183 semel
744 2106 933 2182 memoriae
946 2103 1112 2181 mandata
1126 2104 1417 2206 repeterejubet.
1467 2101 1593 2203 Atque
1606 2107 1656 2182 ita
1670 2105 1786 2184 tribus
1807 2111 1909 2186 annis

168 2225 170 2236 '
257 2211 430 2320 consequi
444 2207 545 2314 posse
559 2229 661 2310 putat
674 2223 841 2306 puerum,
862 2225 903 2279 ut
917 2205 1053 2280 Latinoe
1066 2223 1176 2301 atque
1189 2200 1356 2278 dilucidoe
1376 2205 1551 2304 orationis
1572 2227 1760 2320 precepta
1782 2229 1910 2286 tenear.
1972 2291 1973 2306 ,

257 2314 301 2388 ln
314 2309 414 2387 sexto
432 2309 685 2407 ordinemne
701 2303 832 2380 scilicet
847 2327 951 2380 nono
967 2301 1028 2378 vel
1041 2301 1187 2378 decimo
1201 2325 1302 2402 praec
1350 2317 1388 2378 'ra
1395 2306 1559 2405 primum
1571 2307 1845 2386 rn'memoriam
1861 2333 1912 2384 re.
1972 2375 1973 2386 ,

258 2409 423 2489 vocanda
451 2431 564 2507 quam
578 2402 750 2483 tradenda
770 2427 879 2480 nova.
954 2402 1176 2477 Hichoram
1190 2423 1301 2477 unam
1344 2399 1467 2480 estinat
1487 2401 1669 2488 AEneidns
1694 2405 1732 2482 dt
1746 2404 1911 2486 Camilia·
1972 2417 1973 2446 ³

200 2541 204 2546 ·
261 2535 396 2588 norum
464 2508 792 2601 oratianorumqua
812 2507 1016 2592 carminum
1042 2499 1209 2597 lesiioni3
1235 2499 1426 2578 secundam
1450 2501 1686 2606 explicationi
1712 2503 1908 2586 insonium

259 2613 429 2689 locorum
444 2607 711 2702 communium,
735 2605 1109 2707 argumentationum,
1124 2599 1368 2704 periodorum
1382 2601 1475 2679 bene
1494 2601 1754 2705 ordinatamm,
1806 2633 1909 2713 gura-
1972 2611 1973 2652 l

177 2731 181 2746 ’
261 2735 385 2789 torum
402 2708 671 2809 exemplorum,
687 2727 707 2778 e
724 2702 906 2780 Cicerone
930 2703 1256 2804 deprompturum,
1268 2725 1353 2800 quac
1366 2705 1557 2780 memoriae
1571 2708 1677 2782 etiam
1692 2705 1909 2812 mandanda,
1972 2697 1973 2790 J

199 2819 245 2894 19
262 2811 300 2888 δι
315 2809 361 2886 ad
374 2809 612 2884 imitationem
627 2827 698 2905 pro
729 2800 883 2902 orrenda,
905 2802 1041 2880 tribuit
1110 2807 1130 2844 *
1166 2801 1267 2876 Nam
1285 2800 1417 2879 breves
1439 2802 1513 2880 illas
1533 2803 1572 2879 dc
1600 2828 1745 2909 argutas
1771 2807 1909 2886 senten·
1972 2807 1973 2886 ἱ

262 2915 326 2988 rias
340 2907 425 2985 ideo
437 2907 594 3002 damnat,
609 2829 726 3000 quod
727 2907 944 2978 memoriam
965 2899 1118 2999 vastent,
1134 2903 1248 2976 aciem
1261 2899 1344 3002 styli
1364 2898 1621 3002 diibalnnqsae
1647 2929 1742 3004 eque
1757 2909 1829 2984 illae
1839 2912 1908 2984 ine·
1972 2903 1973 2972 Ῠ

108 3016 110 3026 ’
197 3033 246 3090 ao
262 3007 473 3113 prescriptis
494 3007 783 3176 interponantur.
901 2999 977 3078 uod
985 2999 1163 3102 sapienter
1176 3000 1257 3074 sane
1270 3003 1313 3076 ab
1322 3001 1385 3076 illo
1400 3004 1584 3080 monitum
1598 2931 1660 3084 ed.
1736 3007 1907 3086 'ExTe
1972 2999 1973 3066 ἶ

263 3108 384 3184 rentio
428 3101 523 3179 ostea
539 3102 577 3177 dr
622 3101 732 3199 lauto,
750 3104 961 3202 interposita
986 3100 1043 3176 his
1065 3098 1214 3176 Caesaris
1246 3097 1405 3201 historia,
1427 3104 1492 3198 qui
1509 3104 1713 3200 quotidiani
1734 3104 1908 3188 sermonis
1972 3175 1973 3188 ,

196 3219 201 3230 ’
262 3206 385 3283 verbis
400 3131 586 3279 instoriam
603 3199 829 3276 conscribere
842 3201 977 3298 maluit,
1001 3197 1167 3296 quaedam
1187 3201 1377 3302 proponit.
1452 3204 1580 3278 Tertia
1597 3203 1689 3280 hora
1707 3207 1840 3284 iterare
1857 3209 1907 3308 ju·

58 3327 64 3362 ¹
261 3307 335 3402 bet,
351 3305 389 3380 δι
405 3301 450 3378 ad
465 3300 599 3401 stylum
610 3299 901 3400 accommodare,
916 3295 1021 3405 quod
1035 3296 1090 3374 est¹
1100 3301 1221 3376 utilius
1230 3325 1243 3396 3
1263 3298 1384 3376 sivein
1398 3301 1514 3404 prosa,
1527 3301 1648 3379 sivein
1667 3309 1831 3383 carmine
1839 3309 1908 3386 hoc
1972 3313 1973 3378 l

265 3405 336 3482 liat.
409 3401 590 3506 Qartam
609 3400 740 3476 horam
763 3399 1011 3476 emendationi
1032 3423 1117 3476 com
1147 3397 1310 3477 ositionis
1330 3402 1466 3478 tribuit.
1534 3403 1582 3484 In
1595 3403 1743 3481 Ordine
1764 3412 1907 3510 quinto,
1972 3445 1973 3498 1

214 3565 234 3593 ,
264 3507 379 3582 Anno
400 3507 462 3578 vel
480 3524 534 3575 10.
550 3501 610 3575 vel
636 3527 689 3575 11.
702 3499 766 3594 ,sex
781 3501 909 3602 primis
923 3495 1105 3576 mensibus
1119 3425 1227 3576 iente}
1243 3499 1410 3598 quotidie
1423 3525 1473 3576 ert
1487 3501 1631 3580 Graecae
1654 3503 1792 3608 linguar
1817 3535 1905 3610 ptae·

266 3605 383 3706 ceptis
403 3601 659 3677 Grammaticis
675 3598 763 3698 quid
807 3623 993 3703 roponere
1003 3599 1124 3700 juber:
1146 3597 1378 3698 sequentibus
1392 3602 1506 3680 tribus
1522 3601 1703 3684 mensibus
1741 3631 1846 3698 aucas
1862 3609 1908 3686 f·

264 3705 423 3802 cilesque
442 3697 574 3800 AEsopi
596 3697 740 3774 fabellas
855 3725 913 3776 cas
921 3725 932 3794 3
960 3701 998 3776 dt
1023 3699 1212 3800 postremo
1232 3697 1404 3776 trimestri
1427 3701 1703 3782 Demosthenis·
1793 3713 1908 3788 tiones
1972 3687 1973 3716 ¹

264 3801 513 3903 Olynthiacas.
564 3798 727 3872 Secunda
740 3799 834 3876 hora
849 3803 887 3874 in
901 3797 1044 3878 Officiis
1059 3797 1261 3898 Ciceronis,
1277 3796 1457 3902 srpriores
1466 3803 1547 3880 libri
1554 3803 1636 3881 sunt
1652 3803 1841 3910 superiore
1852 3836 1908 3886 an·
1972 3829 1973 3852 ¹

163 3943 167 3950 ,
264 3925 316 3980 no
333 3898 495 3997 absoluti,
511 3897 721 3973 versabitur.
756 3901 896 3975 Tertia
911 3901 971 3974 vel
986 3900 1172 4001 Georgica
1190 3901 1349 4002 Virgilii,
1365 3903 1425 3978 vel
1439 3902 1573 3983 Oratio
1590 3907 1707 4002 aliqua
1716 3905 1907 3988 Ciceronis
1972 3909 1973 3942 ²

183 4071 188 4078 ,
264 4000 512 4105 explicabitur.
562 3997 701 4100 Qarta
717 3997 900 4100 scripturae
916 4000 953 4076 dc
969 3997 1231 4100 compofitioni
1245 3999 1535 4100 relinquitur,.ita
1549 4017 1685 4104 tamen,
1699 4029 1740 4081 ur
1754 4008 1841 4086 libri
1863 4010 1906 4086 de
1972 3983 1973 4068 ἶ

264 4101 488 4180 ornamentis
501 4099 677 4176 orationis
686 4095 819 4198 scripti,
830 4124 912 4197 quae
927 4097 1251 4200 eCiceronislibris
1265 4098 1471 4184 Rhetoricis
1482 4099 1564 4179 sunt
1609 4103 1907 4208 etenda,conjun-
1972 4082 1973 4134 ³

264 4224 407 4305 gantur.
457 4195 516 4272 De
531 4195 750 4272 Elocutione
764 4202 861 4274 enim
875 4200 988 4299 priua,
1008 4223 1118 4297 quam
1133 4196 1401 4275 deinventione
1415 4199 1571 4278 laboran'
1592 4228 1665 4278 um.
1691 4206 1906 4285 Verborum
1972 4247 1973 4280 t

220 4321 229 4332 “
263 4301 370 4399 copia
384 4320 462 4373 tum
478 4293 718 4396 comparanda
746 4297 784 4372 dc
799 4295 1054 4373 sententiarum
1067 4297 1235 4374 formulae
1253 4299 1495 4375 cumulandae.
1564 4302 1607 4378 ln
1628 4301 1761 4380 ordine
1774 4332 1907 4406 quarto

133 4395 143 4406 '
262 4422 360 4473 anno
380 4394 440 4470 vel
459 4393 678 4494 11.vel12.i
721 4395 1910 4496 ormationisquintohorisduabusalternatimcumCiceroneDe·
1972 4407 1973 4464 l

265 4495 506 4598 mosthenem,
520 4519 604 4572 cum
619 4495 778 4596 Virgilio
792 4495 1004 4574 Homerum
1018 4498 1151 4599 jungit.
1200 4499 1364 4576 Tertiam
1372 4502 1502 4602 primis
1511 4499 1573 4581 sex
1585 4500 1765 4586 menibus
1777 4507 1908 4584 Gram·

524 4631 528 4638 ·
1034 4637 1071 4668 π
1765 4629 1911 4686 mancae
1972 4625 1973 4716 l
