3948 5234
156 355 162 362 ‚
233 265 325 336 ⁶1⁶.
398 173 442 198 ⁹
700 209 963 356 propala.
982 209 1313 322 natantum.

178 433 220 506 ¹¹9
238 423 372 502 mentis
387 418 562 522 applicari
584 403 740 520 possunt,
792 413 814 463 ⁴*
839 409 1138 488 Fundamentum
1156 409 1295 487 ho'rum
1310 406 1583 514 Excerprorum
1603 404 1823 511 ponendum
1840 404 1883 485 est

78 526 82 537 ¹
239 527 278 602 in
294 524 453 622 Arallo'relr
470 519 521 591 lib.
536 542 562 592 2.
582 517 715 590 liberor.
738 543 766 589 c.
782 539 826 590 ιι.
850 537 893 607 ¹3·
914 540 962 602 14·
978 538 1017 596 ιγ.
1042 511 1188 609 quibua
1204 510 1263 586 ille
1283 509 1480 587 hominum
1506 531 1629 586 mores
1649 505 1819 584 describit
1842 505 1882 584 se·

241 624 404 701 c'undum
421 614 677 696 variosstatus.
761 613 854 690 Haec
883 615 1004 710 itaque
1026 612 1161 724 omnia,
1181 610 1220 686 dt
1234 633 1316 707 quae
1331 609 1390 684 hic
1404 629 1603 686 occurrunt
1615 610 1808 707 axiomata,
1847 633 1883 686 ro

242 727 355 802 titulis
386 715 607 820 usurpanda3
633 714 765 813 quibus
784 713 895 791 titulis
919 711 1054 786 deinde
1081 707 1342 813 subjungenda
1364 707 1445 786 sunt
1463 707 1647 786 sententiae
1668 709 1733 784 vel
1751 635 1884 807 fimsles,

180 847 229 903 20
247 821 307 902 ecl
322 821 555 925 specialiores,
606 819 627 862 ⁴*
653 814 787 890 Praxin
797 813 944 888 illorum
964 810 1238 911 Excerptorum
1258 805 1563 886 instituendorum
1577 805 1736 900 dilucide
1748 806 1828 886 satis
1841 809 1882 884 ob

180 946 226 1005 ar
246 924 390 1003 oculos,
417 917 508 995 osuit
523 913 720 989 Schraderus
734 920 900 986 Commeat.
919 911 968 983 lib.
1000 938 1025 982 a
1043 911 1139 982 liber.
1161 916 1186 1008 l.
1209 933 1247 982 ro.
1290 933 1377 1002 471.
1451 905 1598 984 *Inter
1623 905 1797 986 Gnomol
1848 931 1884 986 os

245 1049 326 1101 non
342 945 528 1114 hedenus,
548 1016 612 1112 qui
626 1014 685 1090 tali
704 1009 884 1089 methodo
901 1009 1202 1087 Colleslaneasua
1223 931 1423 1084 indimerit.
1498 1006 1606 1084 Solus
1627 1007 1817 1110 Magirili
1860 1033 1885 1110 r,

247 1117 313 1223 qui
327 1123 543 1218 Polymraemoa
557 1111 772 1211 inscribitur,
791 1113 907 1207 aliqua
927 1133 974 1186 ex
997 1129 1101 1212 parte
1121 1107 1289 1212 prodesse
1314 1106 1422 1184 nobis
1444 1103 1576 1208 potesb
1601 1107 1639 1182 dt
1659 1129 1706 1182 ex
1730 1108 1795 1184 illo
1819 1134 1886 1186 non

248 1226 380 1326 exigua
394 1215 497 1318 sylva
512 1211 814 1316 propositionum
827 1211 1022 1294 moralium
1044 1209 1224 1311 exsculpit
1250 1231 1336 1284 nam
1354 1205 1544 1284 summaria
1567 1209 1737 1282 omnium
1757 1210 1885 1286 illarum

249 1321 515 1414 sententiarum,
549 1338 639 1411 quas
664 1311 822 1410 adducit,
848 1307 1134 1412 infrontispicio‘
1163 1309 1283 1410 ponit,
1318 1305 1416 1382 unde
1452 1331 1522 1408 per
1551 1304 1739 1408 Synopsm
1770 1308 1886 1384 baberi

182 1450 230 1506 22
250 1423 418 1500 omnium
438 1415 695 1494 sententiarum
707 1409 876 1512 similium
890 1409 971 1486 usus
986 1405 1117 1512 potest.
1191 1412 1211 1456 *
1234 1403 1455 1483 Schraderus
1469 1407 1628 1508 primum
1644 1431 1787 1507 ponere
1796 1409 1887 1509 jubet

248 1519 429 1626 generalia
440 1518 631 1610 axiomata,
647 1535 729 1610 quac
754 1508 801 1585 ad
815 1533 945 1586 omnes
958 1509 1128 1586 homines
1141 1530 1188 1584 ex
1200 1532 1311 1606 aequo
1326 1506 1521 1608 pertinent.
1596 1505 1692 1582 Haec
1708 1508 1749 1582 in
1763 1531 1887 1612 genere

247 1615 512 1698 notandasunt.
571 1613 757 1716 ¹Specialia
778 1608 969 1688 reserenda
987 1608 1067 1684 sunt
1090 1606 1135 1683 ad
1157 1607 1327 1683 homines
1351 1606 1442 1682 certi
1476 1605 1583 1682 status
1600 1605 1639 1682 dc
1652 1605 1885 1686 conditionis:

163 1739 165 1745 ·
248 1719 407 1816 ideoque
421 1715 608 1819 generales
627 1713 720 1787 tituli
736 1708 908 1812 ponendi·
922 1707 1003 1783 sunt
1017 1706 1188 1806 divitum,
1203 1705 1405 1804 nobilium,
1422 1705 1664 1807 plebejorum,
1679 1705 1805 1784 senum
1827 1709 1885 1784 &c
1953 1733 1954 1742 ¹

247 1816 398 1895 Possunt
412 1820 519 1890 etiam
535 1812 664 1889 referri
683 1833 807 1886 mores
824 1797 1104 1884 affesiuosorum
1125 1807 1163 1884 dt
1181 1811 1369 1904 iratorum,
1384 1807 1583 1880 amantium
1606 1806 1674 1882 &c
1696 1803 1726 1882 fi
1752 1811 1830 1922 quis
1855 1809 1886 1882 in

247 1915 375 1994 codice
393 1911 590 1990 affesluum
606 1907 827 1986 charadieres
846 1906 1039 1984 affectuum
1059 1929 1200 2008 ponere
1217 1905 1319 1982 nolit.
1396 1904 1585 1982 Pertment
1600 1908 1708 1982 etiam
1734 1907 1805 1982 huc
1818 1907 1887 1982 cba-

249 2015 404 2092 ras'teres
422 2017 623 2110 nationum,
645 2010 769 2108 quales
795 2005 920 2109 passim
945 2027 1143 2084 occurrunt
1171 2031 1190 2081 a
1220 2006 1271 2082 ud
1293 2001 1512 2104 Historicos,
1534 2005 1573 2082 dt
1595 2031 1757 2106 quorum
1782 2005 1888 2082 ideam
1953 2005 1954 2088 l

182 2129 228 2206 23
249 2115 350 2192 dedit
364 2113 556 2211 Barclajus.
623 2113 646 2163 *
669 2107 809 2204 Siquis
831 2129 1032 2182 accuratam
1065 2105 1124 2181 hic
1145 2031 1418 2182 didinstionem
1443 2105 1544 2205 velit,
1567 2103 1671 2205 quod
1685 2129 1805 2188 tamen
1820 2131 1887 2182 non

248 2213 342 2292 adeo
357 2211 589 2290 necessarium
603 2208 663 2306 est,
678 2205 796 2308 posset
812 2206 981 2282 homines
996 2207 1034 2282 in
1048 2227 1160 2282 certas
1175 2204 1293 2282 classes
1308 2203 1531 2290 distribuere.
1609 2206 1652 2282 ln
1661 2210 1787 2309 prima
1800 2203 1889 2282 classe

246 2316 522 2407 continerentur
535 2311 718 2404 hominm,
759 2307 934 2380 eneratim
948 2305 1163 2381 considerati
1185 2329 1274 2404 quac
1289 2303 1335 2380 de
1349 2303 1694 2406 ipsorummoribus
1710 2305 1891 2408 praedicari

248 2413 414 2518 possunt·
455 2413 497 2486 ln
514 2408 666 2486 secunda
689 2407 720 2482 cl
768 2405 982 2501 ehomines,
997 2365 1256 2482 rationesexus
1271 2401 1580 2504 distinsii,utvin'
1601 2403 1809 2482 &femiam
1851 2405 1889 2480 lu

249 2517 352 2592 tertia
365 2509 466 2588 classe
477 2511 660 2606 homines,
681 2508 820 2582 ratione
842 2507 956 2580 aetatis
979 2502 1095 2603 divisa,
1117 2527 1158 2581 ut
1212 2501 1577 2604 ueri,adolescentes,
1595 2505 1763 2605 juvenes,
1789 2503 1888 2582 seam.

207 2615 211 2621 ’
244 2616 288 2692 ln
301 2634 426 2713 quarta
441 2607 540 2688 classe
558 2605 830 2684 considerantur
848 2606 958 2681 variae
976 2603 1173 2682 hominum
1185 2531 1379 2682 societates.
1471 2629 1497 2678 r.
1512 2604 1671 2682 Societas
1690 2607 1891 2710 conjugalis.

248 2710 486 2791 Pertinebunt
504 2709 577 2786 huc
591 2703 813 2784 chuaderes
826 2706 1040 2809 conjugum,
1051 2704 1264 2803 viduorum,
1280 2705 1469 2807 virginum
1485 2705 1552 2782 &c
1604 2705 1815 2805 asneietas
1836 2705 1890 2780 he·

193 2811 199 2826 ⁸
249 2815 341 2891 rilis:
376 2835 454 2910 quo
477 2811 663 2912 pertinent
686 2804 911 2881 characteres
939 2807 1192 2906 dominorum,
1215 2801 1448 2904 famulorum,
1474 2803 1666 2882 servotum
1692 2804 1889 2902 &'eorum,

247 2917 313 3012 qui
328 2911 389 2988 sub
407 2911 463 2986 bis
479 2911 591 2986 titulis
610 2904 838 3009 generalibus
859 2905 1154 2982 continebuntur.
1208 2905 1409 2995 3.Societas
1426 2908 1552 3020 patria,
1568 2905 1631 2981 ubi
1692 2906 1888 2983 rentum&

245 3014 447 3090 liberorum
461 3005 693 3083 chamsteres.
742 3003 887 3080 Deinde
909 3003 1076 3080 homines
1095 3009 1235 3080 ratione
1250 3003 1359 3106 ipsius
1373 3006 1526 3082 civitatis
1543 3003 1643 3082 confi
1669 3007 1769 3104 erati,
1781 3007 1890 3080 varios

247 3109 400 3188 subeunt
414 3099 720 3202 characterismos,
741 3103 799 3176 vel
816 3123 857 3178 ut
870 3104 1101 3203 imperantes,
1110 3104 1169 3180 vel
1182 3125 1224 3180 ut
1237 3125 1414 3206 parentes.
1478 3103 1520 3180 ln
1542 3104 1808 3207 imperantibus
1819 3103 1889 3180 sunt

250 3211 387 3314 Reges,
403 3205 463 3282 vel
474 3203 636 3303 absoluti,
659 3205 721 3280 vel
735 3202 887 3300 limitati,
900 3205 1060 3303 tyranni,
1071 3204 1277 3305 optimates,
1287 3204 1508 3307 oligarchici,
1523 3205 1702 3282 tribunitii
1720 3201 1888 3310 magistra·

251 3333 322 3410 tus,
337 3308 397 3384 vel
412 3305 654 3384 democratic'u
704 3303 746 3380 ln
763 3303 903 3378 civibus
917 3300 998 3379 sunt
1009 3314 1084 3404 pro
1100 3305 1269 3382 varietate
1285 3304 1433 3380 illorum
1448 3307 1540 3380 varii
1554 3304 1888 3404 chamsiedsmipo
1952 3387 1953 3390 Ἴ

251 3409 418 3506 tentium,
428 3406 619 3506 nobilium,
631 3401 899 3506 religiosorum,
918 3401 1160 3501 eruditorum,
1175 3405 1344 3499 militum,
1358 3401 1548 3506 opificum,
1566 3403 1798 3492 rusticorum5
1817 3425 1886 3479 tum
1952 3453 1953 3460 κ

251 3512 394 3586 ratione
408 3531 615 3603 munerum,
644 3527 726 3602 quae
749 3525 884 3606 gerunt
904 3504 942 3578 in
969 3501 1180 3605 Republica,
1196 3525 1259 3594 ut:
1286 3503 1503 3605 Jurisperiti,
1527 3501 1720 3602 Censores,
1747 3503 1888 3606 vesiiga·
1952 3529 1953 3570 t

251 3613 341 3685 lium
357 3605 556 3703 exosiores,
576 3601 855 3707 QaestoreS‚-&
878 3600 905 3676 fi
926 3629 1009 3702 quae
1034 3627 1152 3704 porro
1174 3623 1372 3680 occurrunt
1393 3625 1545 3707 genera:
1569 3603 1703 3704 quibus
1729 3603 1886 3681 omnibus
1952 3637 1953 3690 t

115 3783 122 3792 ,
250 3707 334 3783 suus
349 3705 399 3781 esi
413 3707 516 3780 locus
531 3702 755 3802 tribuendus,
769 3711 810 3778 a'c
829 3701 1093 3801 notandum,s1
1121 3701 1280 3802 quidde
1300 3703 1368 3778 illis
1389 3703 1623 3780 memorabile
1647 3707 1686 3779 in
1709 3701 1886 3779 Historicis
1952 3707 1953 3786 l

20 3881 22 3890 ,
175 3825 233 3900 24
250 3809 313 3884 vel
331 3805 453 3882 Poetis
473 3825 660 3902 occurrat,
687 3801 788 3900 quod
807 3807 1087 3908 gupaarapoulv
1107 3801 1263 3900 aliquem
1277 3801 1406 3902 sapiat.
1481 3805 1717 3902 *Nusquam
1739 3827 1829 3882 uero
1847 3801 1887 3874 lu·

251 3909 450 3985 culentiora
467 3904 634 4005 exempla
649 3901 741 4001 s'tmt,
758 3929 867 4001 quam
883 3905 921 3977 in
942 3901 1137 3981 Comoedia
1153 3905 1191 3980 ὃ(
1205 3903 1344 4002 Satyra,
1360 3927 1443 4000 quae
1464 3901 1635 3979 human'ae
1660 3907 1746 3980 virae
1776 3899 1886 4004 imagi·
1952 3967 1953 4020 ,

249 4030 337 4085 nem
349 4003 589 4109 repraesentat.
663 4001 769 4104 Quid
784 4004 881 4077 enim
899 4005 1041 4104 plenius
1057 4005 1095 4078 dt
1115 3999 1341 4104 praestantius
1363 3999 1425 4100 est,
1449 4027 1561 4102 quam
1579 4003 1684 4080 locus
1714 4003 1773 4083 ille
1798 3995 1885 4102 apud

250 4107 448 4183 Horatium
463 4101 512 4178 ul.
529 4129 548 4178 r.
561 4107 667 4200 Saryr.
680 4129 710 4193 9·
739 4101 802 4176 ubi
814 4103 949 4204 garruli
968 4103 1129 4178 bominis
1153 4103 1190 4178 dt
1210 4099 1352 4178 molesli
1376 4108 1499 4180 mores
1526 4099 1721 4181 describit?
1746 4125 1825 4178 nam
1847 4095 1885 4173 ad

250 4207 439 4310 generales
471 4203 665 4280 homiuum
689 4199 806 4278 classes
826 4205 932 4276 etiam
955 4205 1141 4305 pertinent
1165 4201 1334 4278 homines
1361 4204 1502 4278 ratione
1527 4203 1708 4278 virtunrm
1732 4200 1769 4278 dt
1794 4199 1885 4274 vitio

213 4337 216 4344 ·
250 4332 335 4383 rum
372 4302 595 4392 considerati,
622 4321 663 4380 ut
670 4329 681 4398 3
720 4299 877 4418 superbi,
907 4305 1017 4404 avari,
1045 4301 1221 4404 liberales,
1247 4298 1443 4404 magnifici,
1477 4299 1730 4401 ostentatores,
1774 4301 1885 4400 inepte

158 4392 205 4484 ¹a
211 4431 229 4506 5
251 4404 373 4508 seduli,
394 4401 637 4504 assentatores,
652 4403 891 4504 ,cavallatores
917 4401 986 4480 &e
1087 4401 1193 4482 *De
1224 4401 1357 4502 quibus
1382 4401 1503 4505 ,multa
1530 4403 1750 4505 Theophrastus
1776 4393 1885 4574 ephsau

252 4536 258 4547 ·
879 4573 882 4580 .
1821 4517 1883 4570 arr·
