3950 5236
242 313 246 320 “
372 324 374 332 ·
435 297 520 403 Cap.
538 294 605 382 W.
644 293 813 402 Erempla
829 295 996 403 Except.
1017 297 1108 378 Lex.
1135 298 1180 377 ὃ*
1204 233 1422 406 Ostseruttss’
1663 260 1730 396 ξω
1851 387 1854 394 ,

93 465 354 570 inexemplum
379 466 555 546 &ideam
574 467 824 545 Universalem
849 469 1039 547 Locorum
1059 467 1206 546 suorum
1231 467 1577 571 Philosophicotum
1595 487 1736 574 propo·

92 569 166 668 suit,
184 569 404 670 Graecasque
418 566 594 668 loquendi
608 569 780 665 rationes,
794 567 960 650 immistis
973 568 1158 646 interdum
1173 570 1320 667 Latinis,
1342 591 1388 646 ex
1409 591 1455 648 eo
1469 567 1639 655 Austore
1659 566 1750 644 cola
1824 568 1830 577 '

91 669 208 776 legit·
257 666 654 770 Typusillegeneralis
671 661 866 769 habeturp
916 726 923 741 .
950 693 1025 746 tot.
1056 665 1106 744 est
1136 693 1181 743 ne
1206 666 1252 742 ad
1272 667 1429 746 modum
1448 665 1735 744 Stutmianarum

91 766 253 868 claffium,
270 765 330 841 sed
345 765 483 842 diversa
504 786 625 842 tamen
649 761 837 843 methodo‘
855 769 892 846 in
925 771 1044 844 ‘tutus
1109 696 1220 844 ilinc
1246 766 1415 868 procedit
1434 766 1479 843 ad
1494 766 1668 846 vocabula
1682 765 1734 868 st·

56 865 68 880 “
92 869 189 940 cum
203 865 406 969 imposstiom's,
419 867 550 965 quibus
567 865 617 939 illi
631 867 761 968 primae
769 867 1014 967 imposttionis
1029 857 1127 965 quali
1143 866 1360 966 quibusdam
1377 868 1590 944 notionibus
1599 867 1733 944 Gram-

91 963 464 1052 manciscohibentnr.
538 963 682 1042 Eorum
712 966 816 1044 locos
843 993 900 1070 31.
925 966 1027 1044 fecit:
1050 988 1092 1043 nt
1110 969 1162 1072 tel
1191 969 1308 1060 aaran
1335 957 1521 1062 malind,
1542 967 1734 1042 Generalis

91 1065 306 1166 &specialia
356 1063 460 1141 Idem
474 1065 587 1179 multa
605 1063 788 1150 diversum
816 1063 1064 1242 significantia,
1089 1066 1588 1242 Agsnomina'Cognomina,
1606 1064 1732 1140 Deno·
1760 1139 1768 1160 l

89 1165 226 1264 minata,
240 1163 394 1240 Gemini
408 1167 581 1262 nominis,
601 1167 818 1265 πολυώνυμα,
874 1169 1114 1267 omparntiva,
1162 1168 1370 1266 uperlativa,
1429 1162 1600 1264 oiselliva,
1618 1162 1734 1240 Dimi-

90 1267 218 1364 nutivr,
244 1261 415 1364 Gentilia,
435 1263 589 1362 Localia‚
611 1263 945 1366 Comprehenliva,
967 1265 1149 1364 Partitiva,
1168 1266 1342 1364 Relativa‚
1359 1267 1497 1366 Χρονικοὶ
1523 1289 1563 1340 ea
1589 1263 1732 1362 scilicet,

65 1387 164 1534 ‚pne
178 1385 323 1466 tempus
337 1359 799 1466 fignificant,Arithmetica
823 1362 1136 1464 stveNumeralia,
1152 1365 1220 1442 &c
1297 1365 1474 1468 anrum
1501 1365 1614 1440 multa
1637 1358 1731 1438 seor·

104 1487 160 1538 um
174 1467 267 1566 poni
281 1487 359 1540 nott
379 1483 578 1560 metentur,
597 1461 658 1538 sed
680 1463 766 1538 addi
788 1464 1072 1582 phraseologicis
1089 1463 1287 1566 ›Excerptis
1310 1463 1470 1566 possunt,
1491 1465 1612 1562 aliqua
1636 1483 1730 1536 veto

88 1560 202 1638 iocum
223 1563 378 1638 omnino
394 1563 432 1636 in
451 1561 546 1636 libro
569 1560 836 1640 Observatono
860 1584 1059 1664 merentur,
1072 1586 1114 1643 ut
1138 1565 1205 1664 illa,
1230 1587 1313 1662 quoe
1342 1565 1388 1640 ad
1416 1581 1592 1648 numeros
1612 1561 1733 1660 expri-

90 1659 236 1738 mendos
274 1662 500 1762 pertinente,
529 1668 551 1714 ⁴¹
576 1661 755 1766 Quorum
780 1662 1075 1766 colligendorum
1100 1665 1289 1742 utilitatem
1313 1661 1483 1766 lingulati
1503 1659 1665 1738 Distriba
1691 1659 1793 1742 de30

92 1761 360 1834 monmorde
384 1787 589 1870 numerosque
612 1767 754 1834 Romano
774 1787 861 1834 more
884 1763 1033 1858 efferendi
1052 1785 1122 1862 per
1142 1761 1321 1864 simplices
1344 1785 1530 1860 numerere,
1555 1757 1730 1856 Decedet,

89 1857 358 1959 Hecatontadas,
377 1859 572 1958 Chiliadas,
590 1859 647 1936 Cl.
664 1861 786 1938 Titius
797 1860 965 1937 ostendit.
1037 1862 1177 1959 Neque
1191 1861 1270 1938 sane
1284 1863 1398 1938 cnivis
1415 1866 1453 1937 in
1466 1881 1646 1971 prompnt
1662 1861 1731 1934 erit

88 1957 139 2034 illa
158 1982 339 2036 numeros
349 1960 581 2060 exprimendi
603 1957 760 2060 facultas,
773 1959 833 2036 sed
850 1967 1009 2036 accurata
1026 1961 1064 2038 ὃ(
1086 1963 1198 2038 multa
1218 1985 1264 2035 ert
1279 1961 1484 2038 Autotibus
1499 1959 1641 2044 clailtcis
1664 1955 1730 2034 ob·

87 2053 279 2135 servatione
294 2057 452 2158 paranda
469 2059 555 2132 erit:
581 2083 702 2162 neque
719 2061 812 2135 adeo
835 2057 991 2136 diffiniti
1004 2085 1024 2136 e
1039 2061 1230 2154 ‚Gronovii
1243 2061 1338 2136 libro
1356 2063 1394 2132 dc
1406 2067 1537 2162 pecuaria
1549 2078 1655 2130 uetere
1667 2076 1729 2132 aut
1855 2103 1859 2114 ·

89 2157 155 2232 aliis
167 2158 291 2233 habeti
306 2154 461 2258 possunt.
535 2155 775 2260 Etpraeterea
790 2155 1012 2236 utilissimum
1030 2159 1129 2236 idem
1147 2160 1217 2234 Vir
1230 2158 1453 2235 dostiffimus
1478 2157 1642 2234 laborem
1662 2158 1727 2230 im·

87 2256 205 2354 pendit
219 2259 260 2334 in
279 2281 321 2336 re
339 2255 543 2357 pecuniarii
565 2281 732 2334 veterum
747 2283 831 2336 cum
846 2260 1057 2336 nostrorum
1072 2283 1285 2362 temporum
1301 2273 1448 2336 moneta
1472 2253 1727 2371 comparanda,
1760 2296 1767 2304 -

18 2381 19 2388 ¹
87 2359 306 2454 geminarum
320 2355 796 2436 tabularumSchematismo
811 2361 848 2436 in
869 2361 986 2435 lucem
1001 2359 1111 2434 edito.
1161 2359 1233 2432 Sed
1248 2358 1327 2433 haec
1341 2359 1379 2434 u
1394 2359 1507 2432 multa
1526 2357 1591 2430 altu
1613 2354 1729 2430 itt-Ti·
1777 2436 1779 2444 A

87 2453 159 2530 tulis
172 2453 241 2532 istis
259 2455 420 2532 Rivianis
436 2454 483 2544 ad
496 2459 548 2534 roi
564 2461 711 2556 τεχνικοί
730 2462 932 2562 generatim
948 2456 1169 2536 considerata
1186 2457 1314 2534 referri
1329 2453 1488 2588 possunt.
1535 2453 1632 2528 Non
1654 2455 1728 2528 exi

86 2573 192 2652 gnum
209 2577 333 2632 tamen
349 2554 434 2630 hinc
449 2553 611 2636 frenum
626 2559 771 2654 referet,
791 2561 853 2654 qui
873 2557 1084 2636 Titulorum
1106 2557 1309 2657 specialium
1326 2550 1539 2636 laniarentur
1553 2554 1590 2626 in
1604 2549 1724 2629 Auto-

86 2675 121 2728 re
134 2653 207 2755 ipso
223 2651 475 2756 recognoscet.
535 2655 606 2730 His
629 2655 817 2758 subjungit
833 2657 954 2732 Locos
979 2677 1035 2746 35.
1055 2655 1262 2756 Exegeticae
1281 2653 1538 2734 Grammaticae
1563 2653 1723 2725 maxime

82 2758 269 2924 propri083
293 2755 491 2852 sequuntur
505 2751 637 2830 deinde
658 2751 852 2852 conjunila
868 2751 1041 2828 vocabula
1057 2754 1094 2830 ὃ(
1116 2753 1193 2857 περὶ
1207 2759 1270 2842 riis
1286 2759 1351 2832 τῶν
1377 2755 1534 2855 φράσων
1554 2750 1723 2849 ismaelus,

114 2875 167 2928 oct
181 2855 258 2930 XX.
277 2867 438 2953 qnorum
458 2853 610 2950 quidem
625 2853 705 2936 usus
721 2855 849 2950 aliquis
870 2856 908 2928 in
923 2853 1166 2928 Grammatico
1185 2873 1273 2951 arte,
1296 2855 1332 2928 in¹
1349 2851 1635 2951 Phrai'eologicis
1663 2871 1723 2921 ex·

87 2957 220 3053 ceptis,
240 2979 315 3051 qua
336 2952 616 3051 talibus‚'oullus
645 2951 714 3028 eil:
738 2951 798 3030 hic
820 2955 918 3029 enim
942 2953 1067 3029 tintlos
1088 2955 1307 3050 requirimus
1330 2977 1350 3028 e
1372 2949 1566 3028 visceribus
1585 2968 1722 3043 tetum,
1745 2963 1749 2968 ·

87 3073 155 3126 non
169 3053 457 3130 thatttmaticis
473 3051 720 3151 technicisque
737 3051 962 3145 nonomine,
976 3049 1232 3156 depromptos.
1314 3053 1413 3155 Quae
1429 3049 1476 3124 de
1490 3045 1724 3124 Petiodisse·

87 3173 248 3254 nunant,
268 3150 568 3250 aethetotlcam
582 3155 719 3252 potius,
739 3177 847 3250 qnam
869 3153 914 3228 ad
935 3152 1218 3230 Grammaticam
1241 3154 1436 3253 pertinent.
1486 3149 1576 3224 Loci
1594 3146 1724 3246 Synta·

86 3271 166 3327 xeos
181 3255 290 3330 varie
304 3252 351 3328 ad
366 3249 656 3328 observatorium
670 3253 820 3350 quidem
835 3251 970 3328 librum
983 3251 1111 3328 referri
1129 3251 1292 3353 possunt:
1315 3249 1375 3342 sed
1395 3251 1434 3324 in
1454 3249 1533 3346 illis,
1547 3270 1630 3344 quae
1655 3245 1719 3322 ob·

85 3349 147 3447 via,
162 3375 226 3427 nec
239 3359 376 3430 rariora
393 3349 487 3450 sunt,
499 3351 758 3452 supervacanea
776 3353 859 3427 colli
888 3352 973 3428 endi
992 3377 1017 3426 o
1046 3375 1106 3426 era
1126 3350 1195 3425 est:
1218 3376 1258 3426 ac
1273 3349 1392 3424 notari
1410 3348 1491 3422 talia
1513 3345 1560 3422 ad
1580 3371 1719 3422 accura-

85 3448 177 3526 tior’n
201 3451 440 3528 Grammatici
465 3474 561 3552 opus
583 3449 738 3552 poliunt.
831 3375 974 3526 *inter
999 3375 1080 3524 ilios
1116 3472 1236 3524 tamen
1265 3447 1440 3542 Rinianos
1465 3447 1612 3524 Titulos
1644 3445 1717 3520 ille:
1736 3453 1780 3529 31

86 3557 301 3651 Σολονιοφανῆ
319 3572 483 3624 vetorum:
507 3552 631 3625 locum
645 3553 684 3626 in
698 3549 948 3628 observatorio
961 3547 1056 3626 libro
1072 3571 1241 3628 metetur.
1318 3547 1450 3648 Qtalia
1464 3545 1574 3620 multa
1593 3546 1629 3621 in
1647 3545 1721 3618 An-

86 3647 233 3728 lioribus
250 3649 406 3748 clafficis,
429 3651 467 3722 in
482 3647 676 3752 Digestise
698 3672 865 3726 veterum
879 3648 1061 3744 JCtorum
1082 3648 1181 3724 libris
1205 3653 1397 3746 excerpere,
1422 3645 1671 3746 reperiuntur:
1698 3665 1719 3715 e

84 3747 204 3844 quibus
224 3749 399 3845 nonnulla
421 3745 598 3850 congessit
611 3757 724 3824 Amen.
741 3751 933 3822 Matthatin
945 3751 1072 3847 Collegit>
1090 3750 1372 3820 Fundmoentornm
1395 3751 1483 3842 juris
1501 3742 1585 3844 Dtsp.
1614 3770 1650 3815 n.
1669 3767 1719 3812 co-

84 3849 178 3920 roslar.
203 3872 245 3928 ut
266 3873 356 3926 vere
380 3851 520 3928 σόλοικα
542 3847 714 3948 judicans,
737 3873 820 3948 qnae
841 3869 961 3924 tamen
981 3847 1060 3922 satis
1082 3847 1206 3922 Latina
1229 3847 1267 3922 ἃ
1288 3844 1467 3946 exemplis
1487 3847 1718 3942 optimorum

83 3943 260 4029 Antotum
280 3948 432 4050 probari
455 3944 618 4047 possunt:
658 3971 698 4026 ut
712 3952 835 4048 inepte
857 3948 1028 4048 vapulare
1052 3945 1118 4023 illis
1141 3945 1358 4021 Priscianum
1377 3939 1577 4032 existimet3
1619 3941 1639 3982 *
1657 3961 1718 4010 ne·
1739 3944 1781 4012 32

84 4067 147 4140 que
166 4051 266 4124 enim
285 4047 619 4122 Grammaticorum
634 4049 769 4151 tegulis
797 4047 888 4122 boni
913 4043 1034 4160 suitjici
1047 4047 1210 4122 Antores
1232 4043 1378 4142 debent,
1404 4039 1465 4116 sed
1493 4037 1631 4139 exiliis
1650 4035 1718 4110 Re·

83 4145 167 4242 gnlae
180 4137 346 4246 foronei,
362 4147 422 4222 vel
442 4145 594 4248 Regalis
612 4151 847 4248 exceptiones
865 4153 969 4247 pont.

836 4538 1062 4661 Dddd3⁸
