4006 5236
361 241 384 278 '¹
475 277 560 382 Cap.
578 273 619 354 X
620 273 718 359 lslV.
743 271 969 354 Contirnrrir
982 277 1118 378 prieris
1140 279 1344 384 argunemi.
1638 304 1737 378 ,299

84 477 126 530 nr
141 451 329 552 didionis,
348 451 409 528 vel
431 448 570 528 ratione
596 471 720 524 rerum
743 445 899 550 poliunt
949 447 1199 528 Vehementer
1220 449 1328 528 senex
1349 473 1373 526 a
1394 452 1528 528 iuvene
1550 449 1735 552 discrepat.

84 554 297 631 eumenem
309 552 549 651 injuventute
562 547 621 626 sua
635 545 913 624 Ciceronianam
926 545 1129 628 dtuionem
1149 547 1358 648 sequeretur
1394 549 1652 630 manuioribus
1675 577 1733 626 an·

85 658 137 730 nis
153 676 250 754 petre
264 675 409 728 novum
426 651 643 748 eloquentiae
660 669 777 750 genus
795 643 861 722 libi
874 645 992 747 finxit,
1006 650 1045 726 itt
1060 675 1133 746 quo
1148 651 1312 754 argutiae,
1337 609 1472 754 adagio,
1497 649 1734 750 hemistichia,

85 777 215 857 grecae
230 751 426 848 sententiae,
441 773 602 848 quorum
616 751 656 824 in
676 745 910 832 ,familiaribus
931 750 1025 825 inter
1047 747 1211 827 eruditos
1224 747 1392 849 epistolis
1413 750 1493 826 usus
1508 748 1577 826 else
1597 749 1718 852 potest
1725 779 1737 844 ;

86 855 168 930 tales
183 853 282 928 enim
301 849 466 952 epistolas
490 850 546 924 illa
560 867 704 943 otnant,
720 849 758 921 in
777 849 905 926 ceteris
920 847 1043 924 locum
1058 865 1138 924 non·
1152 843 1298 948 habent,
1319 848 1383 926 ubi
1400 849 1735 948 enthymematibus

86 951 279 1056 agendum,
296 951 334 1026 dt
347 947 467 1026 semro
481 948 728 1046 πεπλασμένος
741 947 949 1042 requiritur.
1000 949 1021 994 ¹*
1038 945 1216 1028 Marestua
1228 946 1277 1026 lb.
1286 976 1307 1024 t.
1319 971 1366 1051 ep.
1374 975 1402 1032 7·
1417 949 1633 1028 Sermonem
1647 961 1735 1054 poe·-
1754 949 1801 1035 64
1883 994 1886 1000 ·

87 1057 196 1128 ticum
214 1053 253 1126 in
267 1048 520 1150 illoaonosc'n,
541 1050 606 1146 qui
623 1048 777 1122 Statium
803 1043 933 1122 referat
953 1043 1019 1122 fibi
1042 1073 1114 1148 pro
1137 1046 1280 1130 summo
1305 1049 1418 1126 Poeta
1441 1045 1615 1148 habitum,
1637 1051 1737 1148 cujus

87 1151 230 1254 scriptio
245 1148 352 1224 valde
367 1117 412 1226 lit
427 1147 603 1246 adstrista,
621 1149 659 1222 dt
672 1143 797 1220 crebra
809 1143 1012 1246 parenthesi
1025 1148 1235 1250 interrupta.
1260 1147 1363 1226 ldem
1377 1144 1463 1222 ibid.
1478 1170 1577 1250 αμα.
1594 1151 1737 1224 adHer'rr·

83 1255 157 1350 pom
172 1255 212 1329 in
227 1249 290 1326 illo
309 1247 546 1350 reprehendit
559 1249 794 1344 antiquorum
817 1243 1020 1322 verborum
1037 1249 1192 1322 nimium
1205 1245 1320 1348 usum,
1333 1245 1518 1324 audaciam
1536 1249 1574 1322 in
1585 1247 1737 1324 scriben-

89 1351 148 1451 do,
170 1347 372 1430 dictionem
395 1343 666 1450 parenthefibus
689 1343 727 1420 dt
748 1343 1101 1451 interrogatiunculis
1122 1348 1372 1450 interruptam
1423 1347 1444 1390 a
1459 1345 1671 1448 Respondet
1687 1343 1739 1428 illi
1755 1349 1798 1440 65

89 1453 136 1526 N.
151 1447 341 1527 Heinfius:
371 1453 441 1522 Non
462 1443 571 1545 defient
598 1447 692 1548 lipfio
709 1443 773 1544 fine
800 1449 940 1516 Veneres.
1005 1444 1108 1519 Habet
1130 1447 1227 1546 nescio
1252 1448 1339 1550 qnid,
1360 1473 1424 1550 quo
1448 1447 1589 1522 lelborem
1615 1451 1736 1534 trabat,

91 1549 130 1628 ts
153 1551 244 1654 qnod
257 1548 390 1652 prorfier
412 1543 586 1649 improbare
610 1569 671 1621 teter
698 1543 790 1644 poffir.
868 1547 914 1614 Ut
943 1570 1004 1619 non
1038 1566 1104 1619 tam
1138 1549 1185 1618 illi
1201 1545 1414 1646 percenseam,
1440 1573 1535 1650 quaen
1553 1555 1653 1649 inepti
1669 1559 1737 1621 tntis

92 1649 278 1736 neutralibus,
304 1657 360 1750 qni
382 1648 569 1722 imitandum
588 1643 646 1743 sebi
676 1649 764 1716 illurn
787 1664 977 1746 proponunt,
1006 1647 1101 1747 idque
1131 1669 1198 1720 taen
1217 1647 1406 1750 praepostere,
1432 1650 1573 1720 ‘ntnitr'a
1596 1653 1662 1746 ejus
1684 1676 1737 1722 ere-

92 1764 226 1853 prr'rnant
240 1753 438 1854 plerumque,
459 1755 596 1818 virtutes
620 1771 681 1816 reon
703 1741 909 1844 eliquantur.
960 1749 1108 1818 Imitatus
1138 1755 1288 1818 nendnem
1321 1749 1451 1850 Lipfine,
1472 1773 1511 1820 ac
1529 1748 1662 1848 proinde
1687 1777 1739 1820 ne·

94 1850 367 1942 minitabundus.
416 1851 605 1938 Meraoriam
628 1846 687 1946 'ego
711 1851 796 1915 renti
821 1849 891 1914 Viri
903 1841 1012 1942 fitnble
1035 1870 1176 1920 venen.
1237 1849 1301 1918 Nec
1324 1855 1464 1948 negarim
1489 1849 1609 1930 tantem
1624 1873 1739 1950 magna
1877 1881 1881 1890 ·

93 1955 135 2024 illi
162 1979 202 2022 ex
225 1970 319 2052 parte
341 1945 438 2020 labem
462 1971 530 2020 eam
563 1942 676 2028 deberi,
701 1969 797 2044 quam
821 1961 860 2014 tte
892 1945 952 2016 Bel
969 1949 1005 2014 is'
1018 1945 1130 2042 nostris.
1147 1972 1209 2018 non
1232 1953 1389 2018 immerito
1413 1943 1568 2044 adscribit.
1644 1951 1743 2046 Quod

96 2054 177 2149 nifio‘
202 2049 402 2148 θαυμάσιος
421 2047 559 2146 Scaliger
575 2051 741 2141 juventuti
768 2044 872 2140 nostre
893 1972 1007 2144 pedem
1032 2055 1119 2120 eunti
1133 2043 1311 2144 salubribus
1326 2043 1528 2146 fieeenrrn'ffet
1551 2043 1740 2130 monitis‚'in
1835 2075 1838 2086 ·

99 2153 178 2254 lipfir'
200 2153 304 2222 sortem
327 2173 348 2221 α
372 2143 574 2220 Curatoribus
599 2145 690 2242 bajus
717 2144 888 2218 Academia
911 2163 1079 2246 opportune
1097 2142 1302 2246 fiebrogatns‚
1318 2149 1476 2245 futurum
1500 2151 1557 2220 vix
1582 2167 1662 2233 erat,
1699 2169 1738 2220 eet

30 2329 33 2342 ,
99 2272 213 2322 tantam
245 2249 540 2352 tot.pr·eclarornm
570 2250 869 2344 ingeniumque
904 2251 991 2312 nmis
1023 2251 1251 2347 qninquaginta
1278 2253 1435 2348 proximis'
1467 2255 1507 2316 iri
1521 2251 1659 2320 Bataoia
1685 2275 1739 2320 no-
1865 2265 1871 2274 '

95 2351 358 2447 praeluxerunt,
389 2345 505 2448 meffent
527 2353 722 2416 mirarentur
748 2350 861 2438 exteri.
913 2347 977 2414 Nee
1003 2342 1083 2418 labes
1106 2365 1210 2417 tannen
1231 2345 1373 2444 illafhlor
1402 2351 1514 2450 Belgas
1540 2342 1584 2420 ds
1610 2353 1739 2419 Germa·

102 2477 163 2536 nos,
186 2451 249 2551 sel
274 2459 369 2522 cetam
396 2447 520 2543 vairos,
550 2439 677 2542 irescctffe
706 2443 809 2514 videre·
835 2442 941 2552 petest.
975 2441 1184 2557 'Magnam
1206 2467 1348 2548 partem
1374 2443 1420 2520 de
1444 2447 1506 2544 illo
1532 2467 1621 2521 vera
1645 2445 1738 2546 sunt,

125 2575 185 2627 uae
198 2553 236 2625 in
257 2547 450 2650 Excerptis
471 2543 719 2646 Scaligerianis
742 2541 922 2616 dicuntur.
972 2539 1157 2620 Henrrcus
1183 2544 1357 2646 Stephani
1377 2545 1606 2622 Latinitatem
1627 2545 1740 2648 Lipsri
1834 2566 1835 2577 ¹

148 2652 261 2756 galati
283 2647 378 2726 libro
394 2645 544 2745 notavit.
594 2645 616 2686 ⁴*
636 2643 773 2740 Neque
787 2665 948 2738 unquam
962 2661 1036 2744 ego
1053 2639 1228 2740 suaserim,
1246 2665 1298 2739 nt,
1321 2649 1516 2741 antequam
1531 2645 1660 2742 aliqtiis
1682 2669 1739 2721 ro·
1760 2653 1807 2726 66

102 2749 213 2826 burin
229 2747 325 2852 stylo
341 2743 581 2846 acquisiverit,
595 2742 848 2818 inexercitatus
868 2739 987 2814 adhuc
1008 2738 1182 2840 Lipsrauae
1205 2741 1355 2834 ledioni
1377 2742 1561 2839 adsuescat,
1575 2765 1645 2835 *qaut
1666 2747 1741 2842 ejus

104 2849 262 2927 flosculos
285 2852 324 2924 in
338 2845 419 2924 usus
437 2844 520 2922 suos
535 2863 714 2944 excerpat.
765 2839 959 2941 Qtiillum
973 2837 1102 2916 imitati
1119 2840 1209 2939 sunt,
1232 2839 1422 2916 infeliciter
1440 2865 1522 2918 rem
1542 2839 1639 2916 stram
1664 2843 1741 2946 ges-

104 2948 235 3026 serunt:
258 2935 347 3025 nani
364 2947 426 3021 vel
450 2939 713 3044 exscripserunt
736 2937 921 3036 nonnulla,
941 2963 980 3012 ac
999 2936 1186 3016 sententias
1209 2933 1389 3039 quasdam
1406 2942 1661 3044 compilarunt,
1682 2942 1742 3016 vel

105 3050 208 3148 plane
225 3050 280 3124 ine
310 3051 338 3124 n
359 3044 464 3144 frunt,
503 3041 594 3117 dum
615 3038 818 3114 eletionem
841 3039 918 3137 ejus
939 3033 1146 3138 exprimere
1164 3059 1324 3140 tentant,'
1354 3062 1422 3142 per
1435 3041 1469 3115 se
1492 3065 1570 3116 non
1585 3039 1742 3120 laudabi-

104 3149 182 3224 lem.
229 3153 244 3188 ¹*
313 3141 665 3240 ERTlLlUS
714 3137 1141 3234 CANUTusm
1162 3138 1377 3246 fitiseppons
1398 3141 1547 3215 omnem
1573 3143 1612 3216 in
1631 3141 1743 3217 imita·
1764 3142 1812 3233 67

105 3250 197 3324 tione
209 3247 372 3362 Lip'srana
386 3247 543 3350 gloriam
557 3237 850 3340 quaefivit,utvel
865 3239 903 3312 in
919 3235 997 3338 ipso
1005 3236 1092 3312 libri
1104 3241 1211 3315 titulo
1226 3241 1440 3315 illam'aiiet
1451 3239 1534 3314 :se'd
1548 3241 1607 3314 ille
1650 3244 1743 3316 erio-

107 3346 354 3451 dosLipltanas
362 3368 504 3422 tanturn
512 3339 732 3444 rongaria&
740 3339 879 3413 lacinias
893 3356 939 3412 ex
952 3337 1015 3411 illo
1023 3265 1429 3415 materteraxxdtus
1451 3339 1624 3424 PUTEA
1670 3341 1744 3440 US,
1765 3347 1813 3423 68

107 3447 209 3549 lipsii
231 3445 427 3544 ‘suceesson
450 3443 590 3519 felicior
609 3440 760 3538 quidem
780 3437 856 3536 ejus
878 3439 1038 3511 imitator
1062 3436 1141 3535 suit,
1157 3466 1198 3514 ac
1218 3441 1369 3524 evitavit
1386 3439 1535 3537 quidem
1553 3440 1745 3542 abruptam
1857 3483 1860 3492 ·

109 3549 194 3622 illam
222 3547 459 3642 brevitatem,
497 3564 554 3618 tot
579 3539 835 3616 sententiarum
864 3536 981 3611 hiatus
1008 3537 1046 3611 dt
1070 3541 1288 3639 praecipitia,
1323 3537 1565 3638 frequentatas
1590 3543 1745 3616 interro·

153 3647 345 3742 rimulae,
378 3643 647 3722 allitetationes'
666 3637 780 3714 exiles
805 3637 846 3716 d(
872 3633 1016 3735 similia,
1044 3661 1128 3733 quae
1161 3635 1286 3739 Lipsro
1315 3634 1500 3716 bamilia'tia
1522 3641 1613 3741 -vitia
1641 3641 1743 3730 sunt:

124 3747 181 3846 td,
211 3747 309 3826 dum.
326 3746 388 3822 illa
412 3744 541 3821 vitavit
558 3775 575 3836 ‚⁶
619 3741 661 3822 itt
682 3739 812 3820 vitium
840 3739 1171 3839 nannetensem&
1197 3744 1433 3836 ramennpleer
1456 3739 1595 3816 incidit.
1645 3739 1744 3820 Crura

114 3851 199 3924 enim
221 3846 442 3944 brevitatem
470 3839 670 3952 alieilarqt,
707 3833 745 3920 id
773 3834 914 3935 effecit,
954 3859 995 3912 ut
1027 3837 1147 3914 tribue
1164 3851 1368 3936 quattuorue
1388 3839 1557 3940 periodis
1581 3839 1748 3917 absolve.

114 3969 173 4044 ret,
194 3971 275 4046 quae
296 3943 431 4022 Cicero
444 3953 524 4017 'una
541 3934 714 4042 periodo
744 3935 923 4012 mediocri
952 3934 1137 4012 absolvere
1159 3937 1338 4039 potuisset.
1397 3935 1547 4112 Sqri‘psrt
1568 3939 1747 4016 Puteanus

115 4047 240 4144 aliquot
267 4043 479 4140 Centoras,
531 4061 623 4140 quae
651 4037 742 4118 vivo
765 4035 836 4114 illo
849 4033 957 4116 editae
981 4032 1073 4133 brut,
1092 4039 1290 4135 eaturnque
1312 4039 1465 4212 ppenme
1493 4041 1557 4112 itio
1579 4038 1747 4113 Francos.

115 4155 209 4237 1663.
254 4141 376 4222 rodiit.
426 4137 513 4220 Post
529 4131 1031 4236 mortemejnseprstolmm
1041 4147 1238 4236 apparatus
1255 4161 1309 4238 po
1367 4161 1485 4234 umus,
1502 4139 1539 4210 in
1557 4163 1590 4228 7.
1614 4135 1749 4213 Centu·
1888 4229 1892 4236 ἡ

113 4249 177 4324 r'ns
213 4250 219 4263 ’
277 4248 283 4260 ’
313 4231 1044 4340 urus‚LovannAna1⁶63.edln1sests
1081 4237 1375 4316 aPETteth.
1409 4235 1750 4336 GRUTERUS3
1769 4248 1816 4326 69

113 4347 203 4446 ntjus
218 4347 327 4445 supra
342 4341 570 4419 mentionem
584 4329 754 4430 fecimuS‚
769 4325 970 4433 λιψιανίζειν
987 4336 1023 4407 in
1038 4337 1169 4438 Eprllolis
1186 4335 1254 4411 suis
1270 4337 1399 4434 voluit,
1409 4339 1473 4424 *cui
1488 4363 1509 4410 a
1520 4337 1715 4418 Batlaeoill
1739 4379 1752 4394 ·

111 4446 181 4522 sum
194 4444 257 4524 est.
311 4448 334 4489 ³¹
349 4439 489 4540 Longe
504 4459 550 4510 eo
568 4436 730 4533 ineptior
746 4429 808 4533 eli,
822 4439 886 4533 qui
901 4431 1064 4534 Lipsttun
1085 4437 1252 4532 imitatus,
1276 4433 1359 4510 CO
1369 4433 1543 4516 Etrus
1569 4439 1607 4512 in
1624 4435 1685 4513 sua
1703 4445 1754 4510 ln.
1769 4461 1818 4538 70

104 4547 258 4644 bitatione
272 4534 658 4646 Epibolim'nnrresnhlar
671 4530 874 4634 ttpfianm
890 4533 1011 4712 doclpq
1033 4532 1107 4634 ipse
1129 4535 1368 4612 vehementer
1396 4533 1579 4627 ridiculus.
1627 4537 1685 4614 De
1698 4540 1762 4616 his'
1792 4567 1795 4578 ·
1844 4571 1847 4578 ’

414 4649 442 4661 ’·
986 4655 1061 4736 pa
1180 4697 1186 4710 .
1636 4639 1754 4719 Sintiis
