3908 5230
146 196 154 210 ’
224 219 332 314 846·
505 311 509 324 .
570 273 576 282 .
642 300 646 306 ,
766 208 929 319 Polyhist.
962 210 1130 330 literar..
1161 150 1371 324 liulfi
1495 173 1522 186 .,

126 414 130 430 ·
220 341 353 463 sciolus
367 384 405 463 ὃ(
420 383 578 562 sophista
597 359 1003 486 potiussquamtverus
1029 382 1287 486 Philosophus.
1362 384 1437 462 Alii
1460 384 1606 485 quidam
1632 387 1862 484 instititutis,
1928 389 1929 400 '

221 485 318 562 inter
331 511 435 603 ‚quos
490 511 617 562 uonv
627 511 656 586 s,
671 487 819 562 Latinos
835 507 965 575 omnes
981 477 1059 657 prae
1079 485 1220 562 Graecis
1238 507 1526 585 contemnentes,
1541 487 1656 582 etiam,
1664 483 1711 560 de
1727 485 1862 562 Cicero-

220 609 269 664 ne
290 611 411 672 mtnus
432 583 639 664 honorifice
660 585 833 661 sentiunt:
866 583 927 660 scd
959 586 982 660 il
998 585 1009 658 i
1027 582 1112 662 sunt
1132 588 1282 689 ingenio
1306 585 1370 663 suo
1394 585 1632 685 relinquendi.
1687 588 1692 595 ’
1719 585 1861 662 Budaeus
1928 615 1929 670 t

112 679 120 692 '
223 710 322 766 certe
337 689 374 764 in
395 685 514 789 phrasi
527 683 652 762 Latina
665 686 755 761 nihil
768 686 887 786 habet,
905 683 1007 784 quod
1022 710 1249 862 magnopere
1265 686 1401 764 laudari
1421 685 1562 786 debeat,
1584 707 1667 765 utut
1686 706 1800 764 cetera
1814 687 1861 762 vit
1928 717 1929 730 ³

225 783 459 876 dosiiffimus.
539 787 682 862 Verum
696 784 852 884 saneest,
868 788 980 862 multa
994 786 1136 862 Graccis
1178 786 1309 862 eb'uilse
1324 787 1563 882 Ciceronem3
1598 785 1660 864 sed
1686 789 1735 863 ita
1756 807 1860 871 tamen

225 883 363 987 debuit,
388 883 643 990 utmagistros
665 885 797 962 deinde
826 888 983 962 Grtecos
1009 885 1204 988 superaret,
1225 887 1330 985 quod
1355 912 1424 966 nec
1444 887 1590 988 ipsimet·
1615 885 1862 964 diffitebantur:

124 1064 126 1072 J
223 991 276 1062 uti
290 991 350 1066 vel
371 1012 506 1065 exuno
529 985 664 1064 Dios.
691 988 907 1062 Loueitvo
931 985 1088 1088 perspici
1107 984 1239 1090 potest,
1265 989 1331 1086 qui
1344 989 1383 1063 in
1397 985 1635 1064 eruditissimo
1650 983 1777 1076 suolde
1789 983 1862 1060 Sub

201 1160 205 1192 ,¹
222 1085 385 1190 limitare,
400 1088 509 1188 libro,
523 1083 616 1164 Sett.
632 1087 709 1164 XII.
725 1087 908 1189 eleganter
926 1084 1308 1186 admodumostendit,
1317 1086 1406 1185 quid
1424 1090 1519 1163 inter
1527 1085 1815 1164 Demosthenem
1823 1105 1863 1160 at·
1928 1123 1929 1136 κ

174 1221 175 1234 Ν
222 1214 295 1286 que
310 1189 533 1267 Ciceronem
549 1187 696 1264 intersit.
748 1185 859 1263 Extat
884 1189 990 1282 huius
1013 1201 1051 1263 at¹
1080 1188 1222 1264 umenti
1242 1189 1363 1290 integr
1405 1187 1716 1285 atque-luculenta
1739 1187 1863 1262 Reus«

222 1313 267 1362 rr
290 1288 451 1366 Rn'rrut
476 1287 683 1387 dissertatio,
698 1288 841 1364 Gallico
855 1286 1027 1364 idiomate
1057 1291 1181 1388 cripta,
1197 1311 1268 1385 qua
1283 1292 1394 1389 copio
1410 1312 1477 1386 rus,
1499 1287 1537 1364 ὅ(
1559 1311 1628 1390 per
1648 1308 1783 1390 partes,
1801 1287 1864 1362 Au·

224 1390 307 1467 sior
321 1391 507 1467 exsecutus
524 1386 586 1488 est,
602 1415 674 1487 qua
688 1393 727 1464 in
748 1411 787 1464 re
798 1388 891 1464 alter
912 1390 1025 1487 alteri,
1053 1389 1112 1464 vel
1134 1387 1290 1489 praestet,
1317 1389 1377 1464 vel
1403 1386 1541 1490 parsit.
1618 1385 1863 1464 Confetcndus

222 1493 451 1594 ptaetereaiu
465 1489 559 1566 banc
580 1491 660 1564 'tem
674 1489 752 1573 Leo
768 1487 921 1566 Allatius
942 1487 1070 1566 lib.·de
1092 1487 1289 1564 Erroribus
1311 1511 1533 1592 magnorum
1562 1490 1733 1564 vitorum
1764 1491 1800 1563 in
1822 1485 1864 1560 di·

224 1593 345 1672 cendo
365 1617 402 1694 p.
424 1606 483 1686 48.
499 1589 548 1688 sq.
576 1589 613 1666 bt
628 1587 795 1666 Erasmus
809 1590 847 1664 in
862 1587 1035 1691 Epistolis
1051 1615 1088 1690 p.
1109 1603 1215 1682 1708.
1290 1589 1390 1692 Qtae
1412 1589 1457 1664 ad
1478 1598 1578 1661 uitam
1595 1585 1788 1665 Ciceronis
1799 1588 1864 1663 atti·

221 1716 322 1792 nent,
342 1689 579 1796 singularibus
593 1690 693 1766 libris
708 1688 789 1765 sunt
809 1687 1006 1792 descripto,
1028 1690 1093 1788 qui
1108 1687 1583 1776 vehementerconducunt
1608 1689 1653 1764 ad
1677 1689 1864 1790 intelligen-

222 1798 312 1870 tiam
326 1817 462 1888 tetum,
479 1817 562 1892 quae
579 1793 618 1887 in
633 1790 815 1867 Cicerone
828 1787 918 1866 sunt.
968 1790 1026 1866 Ex
1041 1789 1198 1887 antiquis
1212 1789 1459 1892 Scriptoribus
1472 1793 1588 1866 vitam
1609 1787 1814 1886 Ciceronis,
1826 1809 1862 1862 eo

221 1890 615 1991 modoconsromattm,
639 1892 785 1990 reliquit
800 1889 1015 1968 Plutarchus
1027 1893 1066 1966 in
1080 1890 1274 1968 Pettllelis:
1299 1889 1359 1967 scd
1382 1915 1466 1966 cum
1492 1889 1536 1965 ab
1551 1913 1596 1966 eo
1620 1889 1736 1964 multa
1758 1885 1865 1964 omissa

220 1959 517 2094 deprehendisset
545 1993 859 2078 Leonrtrnbus
889 1993 1137 2092 Atestinus,
1166 1989 1366 2093 supplenda
1381 1989 1517 2070 censuit
1546 1991 1603 2064 illa
1634 1988 1867 2065 scribendum·

222 2120 296 2191 que
310 2094 444 2168 librum
460 2091 506 2164 de
519 2093 606 2166 Vita
624 2090 819 2168 Ciceronis
833 2092 1063 2192 peculiarem,
1078 2117 1189 2189 quern
1205 2115 1401 2194 propterca
1418 2097 1594 2163 citerorum
1624 2097 1760 2174 Novum
1774 2113 1865 2164 voca·

222 2194 303 2272 bat:
326 2191 418 2269 =teste
430 2191 500 2284 Jac.
517 2189 668 2266 Gaddio
689 2193 728 2262 tlt
742 2195 895 2291 Scriptor.
914 2194 1111 2290 Non-Ecrlcfi
1121 2198 1156 2264 P.
1173 2197 1195 2262 I.
1212 2215 1244 2292 p.
1261 2185 1313 2284 gd
1331 2200 1363 2262 in
1382 2197 1534 2276 Cicerone,
1557 2188 1601 2266 δύ’
1623 2199 1656 2262 in
1672 2197 1764 2262 Lenta
1775 2197 1866 2262 Areti-

223 2321 262 2366 κο
281 2299 318 2369 Ρ.
334 2299 375 2367 tt
401 2291 705 2368 Sesastmuvs
722 2289 993 2390 Coeranus,
1018 2297 1076 2367 vir
1104 2289 1339 2389 dodillimus,
1366 2294 1460 2366 inter
1480 2293 1556 2391 alia,
1585 2290 1720 2390 quibus
1738 2293 1866 2392 optime

223 2393 272 2471 de
296 2395 403 2470 bonis
418 2393 530 2488 literis
547 2391 691 2488 meruit,
707 2387 983 2468 eruditissimum
1003 2392 1042 2464 dt
1058 2393 1217 2490 Qaslura
1237 2389 1372 2468 librum
1397 2392 1555 2491 reliquit,
1578 2393 1748 2468 Venetiis
1775 2415 1865 2486 1537.

223 2493 414 2594 excusum,
422 2494 460 2568 in
476 2517 553 2592 quo
569 2517 646 2568 non
664 2489 781 2566 solum
804 2489 997 2568 Ciceronis
1015 2495 1087 2567 vita
1103 2515 1173 2593 per
1194 2491 1383 2595 dialogum
1403 2494 1649 2594 proponimt3
1673 2491 1741 2568 sed
1767 2492 1804 2568 ὃ(
1823 2494 1865 2566 in·

251 2596 351 2672 rimis
365 2593 491 2692 multa,
508 2617 590 2690 quae
611 2591 656 2668 ad
674 2587 803 2692 Opera
822 2590 898 2690 ejias
913 2613 1020 2688 atque
1035 2591 1161 2693 scripta
1175 2595 1371 2694 pertinent,
1390 2591 1606 2668 asseruntur:
1633 2595 1804 2692 quinimo
1816 2589 1866 2666 de·

219 2621 425 2772 letabuntur
441 2693 575 2776 eodem
589 2693 684 2768 libro
707 2693 762 2766 M.
780 2693 970 2769 Ciceronis
992 2691 1056 2766 filii
1069 2695 1161 2787 vita3
1187 2693 1301 2796 QWT
1319 2691 1508 2770 Ciceronis
1529 2692 1661 2792 fratris,
1680 2695 1722 2771 ἃ
1750 2717 1865 2768 eorum

219 2795 380 2895 tandem,
400 2796 465 2894 qui
485 2793 646 2870 scribunt
667 2794 713 2870 ad
736 2790 977 2884 Ciceronem:
1001 2815 1043 2869 ut
1068 2793 1173 2891 adeo,
1193 2791 1314 2896 judice
1336 2793 1452 2867 Mich.
1474 2793 1654 2870 Neandro
1677 2797 1720 2869 in
1742 2791 1864 2896 ptaestt.

221 2897 290 2972 Gr.
322 2898 390 2972 Lin
420 2922 483 2996 .p.
503 2918 581 2994 154.
598 2892 771 2970 omnibus
792 2893 1014 2970 Ciceronem
1033 2892 1178 2973 lesi-uris
1195 2895 1233 2969 bt
1254 2917 1298 2968 ex
1329 2891 1471 2970 ofitutis
1486 2918 1565 2970 non
1584 2895 1705 2994 solum
1723 2892 1810 2970 tenu
1823 2891 1863 2966 di·

221 3021 329 3101 gnus,
342 2995 376 3072 se
419 2995 456 3070 bt
472 2993 679 3070 necessarius
695 2993 732 3069 dt
748 2996 844 3070 utilis
865 2990 917 3068 stt.
966 2991 1173 3079 Rarilsrmus
1188 2997 1278 3069 olim
1294 2921 1373 3094 ldis,
1387 2992 1506 3070 donec
1520 2993 1603 3088 Joh.
1617 2995 1647 3070 F
1648 2994 1760 3072 ridet.
1780 2993 1862 3070 Gro-

221 3100 356 3173 novius
369 3092 627 3196 Lugd.·Bata‘v.
647 3101 750 3190 1667.
767 3118 850 3168 eum
866 3117 967 3170 nova
981 3095 1142 3170 editione
1165 3095 1384 3172 nitidiorem
1397 3097 1436 3170 in
1456 3119 1509 3172 12.
1523 3093 1582 3170 edi
1603 3118 1757 3174 curaret.
1803 3093 1861 3170 Ex·

221 3217 273 3272 tet
292 3195 330 3272 ἃ
352 3195 594 3270 anttctscr
618 3191 835 3291 Frontem,
860 3193 1133 3293 Marcodurdni,
1152 3197 1286 3292 Historia
1309 3203 1462 3276 Ciceronis
1480 3194 1526 3270 ad
1544 3199 1708 3274 rationes
1736 3217 1862 3296 tempo·

221 3321 306 3372 rum
329 3295 495 3398 alligata:
521 3291 611 3370 dum
632 3293 773 3393 scilicet,
796 3294 994 3371 secundum
1019 3319 1134 3372 annos
1161 3296 1276 3373 Urbis
1301 3297 1339 3372 dt
1360 3295 1579 3394 Consulum,
1600 3296 1735 3398 scripta
1763 3298 1862 3372 &tes

220 3393 338 3499 gestas
353 3392 544 3471 Ciceronis
562 3392 730 3491 distinxit.
781 3395 892 3471 Liber
906 3397 952 3470 ad
967 3395 1164 3474 lessionent
1180 3397 1371 3474 Ciceronis
1386 3395 1599 3496 utilissimus,
1623 3421 1664 3471 ac
1679 3417 1861 3498 propterea

220 3497 265 3574 ali
295 3496 411 3574 uoties
425 3495 587 3570 recusus:
611 3493 763 3570 secunda
778 3494 889 3570 editio
906 3495 1046 3596 prodiit
1062 3494 1233 3574 Coloniae
1264 3499 1422 3594 157o.in
1439 3513 1470 3584 8.
1485 3493 1607 3594 estque
1628 3495 1764 3572 debinc
1784 3517 1860 3571 non·

218 3522 327 3676 utillis
347 3595 537 3672 Ciceronis
555 3593 776 3672 editionibus
797 3593 926 3672 addita.
1002 3592 1089 3672 Poll
1115 3598 1213 3674 bunc
1233 3599 1291 3674 alii
1312 3598 1426 3698 fuere,
1449 3599 1514 3696 qui
1539 3595 1734 3674 Ciceronis
1760 3597 1858 3672 vitam

219 3697 458 3798 scripserunt:
484 3694 689 3796 Christoph
703 3693 1108 3796 Preisrus,Pannonius;
1133 3698 1351 3776 Benedisius
1365 3695 1577 3797 Herbestus,
1592 3697 1779 3793 Polonus;
1801 3695 1857 3790 lue

219 3797 388 3900 Angelus
403 3795 450 3872 de
466 3795 669 3896 Scarparia;
694 3798 758 3894 qui
771 3821 1038 3896 nonnunquam
1059 3797 1284 3900 conjunsiim
1305 3799 1366 3876 edi
1383 3798 1517 3875 solent:
1542 3795 1722 3900 postremi
1739 3799 1857 3872 librum

219 3897 264 3976 ab
279 3899 426 3973 interitu
442 3894 652 3992 vindicavit,
672 3895 802 3973 Romae
816 3898 1021 3996 inventum,
1035 3920 1143 3998 atque
1157 3901 1195 3974 in
1215 3901 1333 3976 lucem
1347 3897 1464 3975 emisit
1479 3900 1642 3974 Berolini
1659 3923 1763 3998 1553.
1782 3899 1814 3970 in
1830 3907 1856 3979 8.

220 3997 382 4103 Wolffg.
396 3993 604 4093 Peristerus,
619 3995 801 4074 Botulsus.
853 3998 996 4076 Verum
1012 3998 1051 4073 hi
1066 4023 1196 4076 omnes
1214 3998 1511 4102 compendiosam
1534 4001 1661 4100 magis,
1686 4022 1792 4098 quam
1813 3996 1855 4068 lo

218 4095 417 4200 cupletem,
431 4094 622 4173 Ciceronis
633 4093 824 4172 historiam
847 4096 1040 4174 ediderunt
1047 4125 1059 4194 3
1082 4101 1215 4198 quibus
1233 4097 1444 4176 accensendi
1464 4105 1570 4178 etiam
1582 4099 1739 4194 'jacobus
1757 4093 1856 4170 Mose

221 4201 303 4277 nius
322 4193 344 4272 l.
359 4199 403 4272 ll.
417 4195 589 4272 Palaestrae
605 4195 710 4274 Orat.
731 4199 883 4300 carptim
899 4199 1012 4274 vitam
1028 4199 1218 4278 Ciceronis
1239 4222 1468 4302 percurrenS,
1483 4201 1578 4276 Petr.
1595 4195 1747 4302 Ra'mus,
1761 4198 1853 4270 incu-

219 4302 278 4402 jus
294 4299 541 4378 Ciceroniano
557 4297 653 4372 varia
671 4323 881 4400 occurrunt,
898 4298 1044 4399 quaead
1060 4299 1251 4380 Ciceronis
1267 4303 1365 4399 vitae,
1379 4299 1557 4400 laborum,
1574 4299 1851 4401 tepericulorum

223 4397 409 4477 historiam
428 4399 624 4499 pertinent,
641 4397 687 4476 de
706 4397 828 4476 Cast.
853 4397 1159 4478 Snorrranru's
1187 4404 1224 4482 in
1239 4401 1361 4478 libello
1383 4395 1422 4472 de*
1444 4406 1519 4474 Vita
1542 4407 1704 4484 Ciceronis,
1727 4396 1850 4496 quiin·

223 4501 354 4602 primis
369 4497 574 4575 Fabricium
587 4495 791 4611 sibiquem
813 4499 995 4602 sequatur,
1010 4499 1213 4606 proposuit.
1288 4501 1337 4580 Et
1355 4499 1435 4579 sane
1451 4500 1558 4603 hujus
1579 4501 1674 4580 libro
1687 4501 1736 4578 nil
1755 4519 1850 4672 vppu·

318 4647 321 4653 f
627 4627 632 4636 ·
1305 4641 1313 4650 -
1816 4617 1850 4672 us
