3970 5236
99 199 102 208 ’
223 275 300 362 4⁶0
459 359 462 364 ,
814 249 1119 363 sonantem.
1148 183 1302 368 attur

70 497 75 518 .
123 445 128 459 '
226 431 273 510 ad
285 419 421 509 metam
445 429 596 509 tendere
614 428 688 507 fine
710 428 789 527 via,
814 424 931 527 quam
960 429 1016 506 illa
1040 426 1153 504 studia
1176 425 1335 524 conanti
1357 421 1603 503 substernunt:
1627 443 1753 518 neque
1777 421 1885 524 quic·

227 559 338 634 quam
356 531 427 608 sani
448 531 601 628 verique
616 533 677 606 vel
701 528 1055 630 inJutisprudentia,
1076 530 1136 604 v‘el
1155 529 1192 604 in
1205 525 1405 624 Medicina,
1426 524 1532 616 addo
1549 523 1589 598 dt
1602 524 1640 596 in
1658 521 1785 622 Theoi
1813 521 1851 624 δ’
1876 580 1886 619 ,
1982 547 1983 550 ¹

228 654 406 730 quatenus
429 632 561 706 rationi
583 627 779 730 subjicitur,
803 629 883 708 sciti
903 627 1036 730 potest,
1059 625 1125 718 uili
1138 651 1194 722 ,erc
1216 630 1258 704 iis
1280 623 1459 726 fontibus,
1475 621 1648 722 equibus
1658 621 1718 727 ,illi
1731 619 1889 708 ritede-

229 733 361 828 fluunt,
380 723 595 824 hauriamuss
698 807 700 814 ,
775 775 809 808 ,«.
872 754 888 780 ³
938 779 943 788 ·
1047 797 1049 804 .
1135 753 1138 762 ·
1180 777 1191 796 ι·
1590 767 1593 776 ·

124 893 130 909 .
185 833 210 902 9
329 831 496 906 Primum
517 825 669 926 quidem
689 827 832 904 Groecae
856 829 1068 926 Latinaeque
1089 828 1224 930 linguae
1247 821 1461 927 diligentior
1487 818 1638 920 cultura,
1664 820 1738 898 stne
1753 820 1890 920 quibus

228 955 329 1010 muta
343 957 383 1005 ac
401 929 553 1030 elinguis
602 954 670 1004 ene
688 927 740 1004 est·
755 931 875 1003 omnis
891 925 1076 1027 dodisma,
1092 952 1186 1034 ,cum
1206 928 1330 1041 primo
1355 945 1453 998 antro
1470 915 1607 1014 institui
1626 924 1664 1000 in
1678 923 1890 1000 Academiis

55 1072 58 1080 ,
181 1055 183 1062 ·
230 1031 391 1128 deberet,
407 1051 554 1104 nemoe
587 1029 671 1116 ,vel
689 1025 898 1130 paucissimi,
911 1029 978 1125 qui
991 1023 1038 1102 ad
1055 1051 1113 1104 eas
1126 1021 1324 1127 respiciant.
1374 1021 1423 1096 Et
1438 1019 1497 1096 his
1516 1041 1640 1098 tamen
1657 1022 1784 1101 fulcris
1808 1025 1891 1124 niti,

31 1176 44 1202 a
168 1137 214 1194 10
230 1131 286 1208 his
310 1126 407 1228 quast
429 1123 585 1229 pedibus
607 1129 643 1202 in
673 1125 763 1226 redi,
779 1127 861 1227 plus
884 1127 1013 1225 dicam,
1033 1125 1090 1201 his
1108 1126 1176 1208 alis
1198 1125 1323 1218 volare
1344 1119 1530 1198 debemus.
1572 1129 1623 1216 ,*
1651 1121 1892 1226 Qrerebatut

221 1233 300 1330 jam
323 1229 387 1305 suo
411 1250 579 1328 tempore
593 1152 756 1324 joirnner
769 1225 909 1324 Carselius,
933 1249 1088 1326 magnus
1109 1227 1146 1299 in
1160 1219 1453 1316 solidadositina
1473 1219 1537 1312 suo
1559 1243 1731 1325 tempore
1746 1223 1891 1308 Hercu·

228 1331 292 1426 les,
310 1327 356 1404 de
372 1329 437 1404 bac
453 1329 489 1400 in
505 1325 710 1415 Academiis
729 1323 893 1402 socordia
911 1323 948 1398 dr
965 1325 1204 1426 negligentia:
1229 1346 1315 1400 nam
1332 1323 1370 1395 in
1388 1321 1547 1424 eleganti
1570 1323 1633 1398 iilo
1654 1321 1796 1421 libello,
1821 1324 1891 1420 qui

195 1483 197 1490 κ
229 1431 316 1510 Nr'os-
337 1421 397 1525 aar}
418 1417 754 1531 Hpodddottuuos-ab
776 1423 840 1498 illo
867 1421 1082 1521 inscribitur,
1108 1440 1239 1520 narrat,
1256 1414 1460 1520 'quomodo
1477 1418 1514 1510 ,se
1530 1421 1675 1515 ¹juvene
1697 1425 1735 1498 ‘tn
1749 1425 1891 1500 Witte-

228 1528 397 1634 bergensi
417 1527 612 1602 Academia
635 1529 726 1598 Virus
748 1523 926 1624 lsitfintiuq
952 1529 1103 1622 Georgius
1115 1529 1294 1608 Graevius,
1316 1523 1475 1623 Philippus
1493 1524 1737 1610 Melamhthutm
1775 1523 1890 1598 inLi·

188 1669 209 1686 -·
229 1626 360 1732 pstensl
373 1629 560 1726 Juacht'mus
573 1632 780 1709 Camerarius,
803 1630 974 1722 Gregorius
989 1627 1200 1702 Brrsmannus
1214 1620 1476 1716 Historicosa'e
1490 1620 1623 1698 Poe't'es
1639 1623 1796 1702 Gtaecos
1812 1647 1890 1699 ma·

227 1754 301 1832 gna
315 1729 453 1831 ingenii
468 1725 632 1801 ubertate
647 1727 880 1826 interpretati·
891 1720 1037 1797 suerint.
1065 1796 1067 1800 ,
1085 1723 1245 1818 Viveret
1262 1721 1319 1799 ille
1334 1720 1375 1796 δι’
1390 1720 1539 1796 veniret.
1554 1747 1661 1807 nunc
1673 1726 1712 1797 in
1726 1723 1890 1804 Germa·
1970 1801 1977 1810 ,

229 1830 298 1903 niae
313 1827 539 1922 Academias,
563 1825 653 1901 &in
669 1823 803 1900 Gtae'ca
824 1823 948 1936 lingua
989 1821 1162 1918 lerosque
1182 1817 1415 1917 obmutuisse,
1426 1821 1466 1894 in
1481 1820 1614 1914 latina·
1623 1820 1818 1921 balbutire,
1835 1822 1889 1898 se·'

167 1947 211 2001 11
227 1928 344 2001 culine
361 1924 477 2000 dicam
493 1949 537 1998 an
551 1921 938 2026 magistrorumvit10‚¹
1024 1918 1252 1996 rehenderet.
1303 1923 1323 1967 *
1349 1917 1538 1994 Donarem
1551 1919 1742 2018 Graecam3
1768 1921 1889 1998 sedin

229 2025 353 2100 Latina
367 2025 490 2125 lingua
504 2024 542 2099 dt
559 2022 767 2119 eloquentia
784 2043 918 2096 tantam
936 1947 1063 2123 parim
1082 2027 1237 2123 regnate
1253 2021 1511 2122 ignorantiam,
1528 2021 1609 2118 quis
1623 2047 1701 2098 non
1718 2021 1792 2098 ind'
1851 2045 1890 2099 e·

228 2119 315 2200 tur?
342 2124 379 2198 ἃ
400 2147 493 2198 veto
516 2124 637 2197 omnis
660 2120 716 2194 illa
727 2120 962 2218 Eloquentiae
984 2118 1129 2196 facultas
1149 2119 1271 2195 saltem
1290 2143 1337 2194 ex
1348 2120 1484 2194 Latinis
1498 2119 1761 2220 AutoribuS,st
1818 2147 1888 2198 ra·-

228 2247 293 2299 cos
308 2217 473 2321 fastidias,
495 2218 691 2296 haurienda
716 2218 775 2295 est.
850 2212 956 2320 Qud
975 2222 1073 2294 enim
1094 2221 1154 2293 vel
1170 2219 1388 2299 Germanica
1406 2218 1538 2321 lingua·
1546 2222 1721 2320 loquetur
1739 2221 1888 2299 Orator

225 2319 347 2398 sacer?
373 2323 466 2420 quid
476 2325 514 2396 in
528 2318 695 2396 subselliis
708 2315 890 2395 Senator?
915 2323 953 2394 in
965 2321 1053 2396 aulis
1065 2313 1251 2422 Legatus'?
1277 2316 1342 2394 nist
1358 2319 1576 2416 eloquentiae
1597 2323 1815 2414 lineamenta
1834 2347 1887 2400 ex

228 2425 374 2522 optimo
396 2418 568 2523 magistro
583 2416 812 2509 disertissimo¹
825 2419 886 2494 illo
895 2414 1046 2495 Romuli
1065 2441 1246 2520 nepotum
1260 2418 1414 2494 duxerit.
1465 2417 1663 2498 Consulttts
1676 2423 1885 2520 aliquando,

227 2546 298 2620 qua
315 2523 374 2596 via
388 2521 432 2596 ad
450 2520 695 2618 eloquentiam
709 2517 842 2610 sacram
863 2522 977 2594 iretur
984 2547 995 2616 3
1020 2518 1153 2594 restius
1176 2518 1361 2622 respondi,
1383 2513 1505 2618 fiquis
1522 2516 1715 2597 Ciceronis
1732 2521 1885 2601 Oratio-

225 2643 289 2696 nes
304 2621 443 2695 leoeret
457 2620 707 2721 relegeretque
719 2617 868 2720 saepius:
901 2620 952 2695 illi
973 2639 1034 2696 me
1052 2619 1141 2696 albis
1159 2619 1329 2696 dentibus
1352 2617 1517 2718 riserunt,
1541 2644 1581 2694 ut
1598 2620 1753 2724 indigna
1767 2623 1806 2699 dr
1820 2625 1883 2700 ab·

222 2717 326 2795 surda
338 2689 529 2814 iocumm3
551 2715 624 2792 Sed
638 2721 708 2792 viri
724 2717 826 2794 dosii
842 2719 924 2799 satis
943 2719 1162 2823 intelligunt,
1178 2720 1306 2818 quide
1374 2718 1563 2795 senserim:
1596 2745 1674 2797 non
1698 2721 1801 2824 posse
1818 2724 1883 2802 sci-

124 2825 129 2832 ”
195 2819 304 2896 ‘licet
319 2817 466 2896 artificia
480 2819 642 2895 etiamin
658 2817 839 2896 Oratione
861 2820 957 2898 sacra
976 2821 1118 2919 melius,
1145 2843 1294 2919 quame
1324 2843 1453 2912 ummo
1474 2823 1514 2894 in
1536 2822 1745 2919 eloquentia
1764 2829 1883 2928 magi-

157 2933 158 2940 ’
223 2915 297 2994 stro
315 2919 409 2994 disci.
459 2917 575 2994 Nunc
593 2941 696 3016 vero,
712 2940 753 2994 ut
770 2923 925 3018 quisque
939 2919 1004 2994 fibi
1021 2919 1125 3020 sapit,
1140 2922 1188 2996 ita
1208 2919 1272 2996 libi
1294 2920 1471 3020 loquitur,
1487 2945 1567 3010 non
1580 2921 1779 3019 Auditoti3
1800 2929 1880 3027 qui,

221 3039 262 3094 ut
274 3019 311 3094 in
327 3017 454 3118 Satyra
468 3018 671 3094 Horatiana
687 3015 864 3094 Drul'onis
875 3018 1034 3117 debitor,
1295 3027 1299 3034 '
1364 3065 1367 3072 ·
1504 3069 1507 3076 ·

656 3149 806 3222 Porresso
813 3153 925 3251 jugulo
941 3151 1078 3248 bflrrm
1097 3157 1241 3254 captiuus
1258 3169 1296 3222 ut
1312 3149 1413 3222 duest.

321 3316 440 3420 Quod
456 3315 609 3392 alumno
630 3313 693 3391 suo
716 3317 893 3392 nutricula
916 3339 1045 3418 vovet,
1071 3314 1234 3420 &strpere
1249 3297 1372 3416 &frti
1392 3318 1484 3406 reite,
1506 3347 1573 3422 qna
1583 3317 1714 3418 ῥητέαι,
1741 3321 1779 3396 id
1804 3321 1879 3398 alu·

159 3435 205 3492 υ
221 3441 311 3492 mtto
328 3441 474 3516 quoque
489 3415 712 3491 Academico
732 3417 857 3494 nostro
874 3441 942 3494 nos
959 3439 1170 3494 voveamus.
1246 3421 1268 3462 ³*
1295 3418 1506 3520 Quomodo
1531 3419 1597 3496 fari
1616 3421 1715 3494 rede
1742 3419 1878 3500 debeat

220 3516 399 3594 vidimus:
421 3519 642 3591 ‘nuncetiam
662 3539 703 3591 ur
723 3516 845 3617 sapere
869 3517 979 3594 discat
1001 3517 1226 3593 monemus'
1284 3519 1346 3592 Ad
1368 3517 1573 3618 sapientiam
1604 3532 1875 3599 verumtaem

98 3617 101 3621 ’
179 3667 182 3679 ·
220 3618 316 3690 viam
333 3614 457 3691 sternit
473 3622 538 3694 ruit
554 3622 696 3712 bipartit
710 3616 989 3718 dodrina„quae
1005 3616 1463 3721 resarciremusdicitur
1479 3619 1517 3695 dt
1534 3617 1682 3732 ippuror,
1705 3619 1782 3698 fine
1801 3647 1875 3722 qua

100 3795 102 3800 ,
217 3719 339 3792 minus
358 3715 498 3792 efficere
521 3719 719 3818 possumne,
744 3743 852 3815 quam
877 3717 951 3794 stne
974 3719 1105 3794 malleo
1122 3719 1304 3795 &incude
1327 3716 1427 3792 saber
1452 3717 1632 3819 ferrarius,
1650 3721 1873 3804 line-emulsa

218 3817 256 3893 dr
274 3841 402 3894 norma
416 3813 643 3914 architcslus,
669 3816 741 3912 stne
756 3816 848 3894 serra
861 3822 900 3895 dt
917 3817 1063 3896 dolabra
1080 3816 1290 3916 scriniarius,
1315 3815 1390 3892 fine
1403 3813 1573 3918 penicillo
1589 3819 1723 3922 pisior.
1774 3822 1871 3908 Ideo

214 3917 345 3994 scilicet
364 3921 400 3993 in
416 3916 626 3994 Academiis
657 3920 829 4016 vivimus,
854 3919 939 3996 ideo
960 3917 1082 3996 studiis
1098 3917 1355 4015 incumbimus,
1380 3939 1421 3994 ut
1434 3920 1613 3996 rationem
1638 3923 1870 4000 excolamus:

119 4090 123 4098 .
152 4077 157 4100 ,
215 4017 252 4108 ἃ
271 4021 420 4094 rationis
435 4037 555 4092 tamen
574 4041 614 4092 ac
634 4019 916 4096 ratiocinationis
931 4040 1045 4094 artem
1060 4019 1224 4118 plerique
1237 4016 1490 4117 aspernantur:
1521 4044 1599 4117 quo
1614 4019 1703 4118 quid
1726 4019 1871 4100 stultius

215 4113 308 4222 fingi
328 4117 436 4217 polstt
459 4143 537 4194 non
565 4117 687 4196 video.
763 4119 794 4191 F
796 4119 937 4196 undum
961 4117 1054 4193 bene
1079 4115 1264 4193 subasittm
1290 4119 1473 4214 volumus,
1498 4117 1634 4197 semina
1657 4121 1871 4224 illifinsper·

210 4239 362 4390 pemus‚
391 4233 511 4315 'neque
532 4239 694 4293 'uomere
719 4216 757 4292 dc
781 4239 916 4316 aratro,
950 4241 1070 4315 neque
1093 4219 1256 4292 marculo
1281 4215 1387 4292 usuri.
1458 4219 1526 4292 Nil
1539 4217 1629 4301 sciri
1648 4221 1686 4296 in
1707 4217 1869 4298 scientiis

176 4345 187 4360 ²
207 4339 209 4344 ’
226 4315 314 4390 olidi
328 4313 459 4490 potest,
483 4316 549 4392 nist
564 4317 634 4392 ltac
647 4316 750 4414 duce,
770 4317 1001 4494 digitumque
1022 4313 1242 4400 intendente.
1317 4315 1482 4394 Haecilla
1504 4318 1786 4422 divinavir'gula
1802 4320 1868 4422 est,

146 4415 147 4423 '
212 4441 295 4511 quae
319 4416 502 4492 tresauros
520 4416 745 4495 scientiarum
769 4419 935 4520 integat,
978 4417 1050 4493 hac
1065 4415 1187 4492 bolide
1212 4414 1443 4517 profundum
1465 4417 1644 4504 dossrinae
1664 4418 1866 4500 Oceanum

210 4516 466 4613 exploramus:
507 4516 575 4594 hac
605 4541 670 4623 acu
698 4519 906 4621 magnetica
942 4519 1147 4621 incognitae
1183 4505 1484 4628 impraescius
1520 4539 1634 4598 terras
1669 4542 1864 4699 vimi?

503 4664 506 4670 ,
907 4649 911 4656 ·
1582 4651 1597 4662 „
1722 4689 1729 4697 .
1825 4645 1864 4700 te
