3894 5226
178 150 312 302 '940
387 261 394 266 .
778 195 1120 332 sonantium.
1169 208 1244 289 tu.
1273 203 1365 300 Vt

241 409 325 466 rum
338 379 467 482 Triga,
482 378 558 476 qui,
572 396 613 459 ut
627 371 787 492 'reliquos
803 401 933 459 omues
948 377 1048 464 haud
1063 377 1172 455 dubie
1187 377 1331 468 suaarte
1344 377 1464 481 longo
1477 375 1561 480 post
1574 377 1608 457 fe
1624 377 1773 459 relisios
1790 383 1901 458 intet-

240 487 338 566 vallo
355 485 527 576 vicerant,
546 479 593 553 ita
615 475 662 554 de
677 480 795 579 palma
815 480 910 556 inter
923 477 958 554 se
974 501 1104 560 mutuo
1127 481 1250 556 aemuli
1269 479 1470 558 certabant:
1495 477 1683 558 AEschines
1710 482 1900 581 annisum,

243 577 561 666 Demosthenes&
576 577 803 679 Hyperides,-
818 601 948 658 omnes
972 580 1204 683 ingerendis
1225 580 1377 682 publicis
1402 575 1664 682 magistratibus
1686 579 1788 664 haud
1817 607 1899 656 rato

242 683 405 778 adhibiti,
420 677 600 793 rebusque
617 703 687 780 pro
704 679 860 758 Gracia
879 680 1043 758 libertate
1057 677 1166 783 gellis
1181 682 1274 766 clari.
1325 679 1468 762 Primus
1485 679 1689 762 eorundem
1716 679 1900 756 AEscltt-

241 783 353 881 NES,
374 805 446 858 tres
461 779 566 858 nobis
581 781 765 856 orationes
783 780 927 879 reliquit
944 779 1050 882 plane
1066 773 1230 880 citimias,
1246 771 1313 857 nes
1327 781 1470 856 minore
1481 777 1845 893 elegantiadifiionis
1857 805 1902 856 at·

157 917 161 922 ·
243 911 315 992 que
332 885 500 986 puritate,
514 903 624 978 quam
638 902 942 984 argumentorum
958 878 1126 984 pondere
1148 880 1185 956 ἃ
1207 880 1475 984 perspicuitate,
1496 882 1666 984 langues.
1720 880 1902 984 Qartam

124 999 134 1008 ”
243 989 448 1068 orationem
463 977 656 1078 AEschinis,
674 1006 753 1154 {luae
768 1007 788 1056 a
805 981 987 1056 nonnullis
1003 977 1073 1082 'ipl't
1089 981 1272 1080 tribuitur,
1288 982 1438 1056 Peliacus·
1451 979 1553 1068 inferi
1585 982 1716 1080 tacius
1733 1007 1815 1058 non
1831 979 1901 1078 esse,

37 1161 40 1170 .
75 1159 80 1174 ,
241 1087 303 1170 sed
319 1079 537 1186 Hyperidis,
548 1079 674 1179 jamdu
702 1105 763 1156 um
779 1077 947 1158 aPhotio
964 1103 1177 1168 annotatum
1193 1079 1263 1168 esta
1276 1081 1313 1158 bt
1330 1103 1350 1154 e
1364 1007 1639 1177 recenlioribus,
1652 1103 1795 1182 praeter
1808 1083 1902 1176 alias,

193 1249 199 1254 .
242 1187 388 1272 aConr.
403 1179 569 1266 Gesnero
584 1183 620 1256 in
636 1179 870 1258 Bibliotheca.
919 1179 1067 1257 Eminet
1084 1205 1175 1258 vero
1190 1187 1284 1258 inter
1298 1203 1369 1257 tres
1384 1179 1577 1276 AEfchinis,
1603 1206 1688 1278 quae
1704 1180 1901 1284 supersunt,

244 1288 379 1370 Oratio
395 1304 526 1366 contra
543 1277 837 1389 Ctefiphontem,
854 1307 937 1379 quae
951 1283 988 1356 in
1008 1277 1309 1370 Demosthenem,
1321 1279 1360 1360 5&
1378 1279 1541 1358 honores
1557 1281 1642 1358 illia
1654 1281 1815 1382 Senatu,
1832 1307 1902 1356 ten·

218 1421 223 1430 ‘
244 1393 343 1478 sente
362 1381 460 1464 Ctesi
489 1383 617 1480 honre,
637 1381 800 1478 collatos,
816 1381 938 1458 habita
951 1379 1020 1478 est3
1044 1381 1179 1458 infelici
1198 1404 1317 1460 tamen
1333 1375 1337 1388 ‘
1355 1377 1525 1480 successu,
1552 1407 1637 1458 curn
1660 1381 1822 1458 vic'iusa
1844 1382 1903 1459 De·

246 1486 438 1570 mosthene
503 1481 640 1559 schines
654 1485 690 1558 in
712 1484 872 1582 exilium,
888 1481 993 1581 quod
1010 1483 1161 1559 multam
1171 1484 1414 1586 pecuniariam
1431 1477 1591 1584 pendere
1607 1483 1767 1562 veihon
1783 1481 1903 1585 polfet,

244 1591 305 1669 vel
328 1587 453 1680 nollet,
471 1579 589 1684 pulsus
607 1579 658 1660 stt.
709 1581 819 1660 Adeo
839 1605 959 1659 tamen
974 1581 1142 1680 Rhodiis,
1155 1582 1202 1658 ad
1220 1607 1315 1681 quos
1335 1577 1526 1658 AEschines
1540 1581 1703 1684 aufugit,
1732 1581 1904 1658 admirat-

182 1699 186 1704 ’
248 1695 293 1772 da
310 1691 401 1778 illius
420 1685 566 1780 Oratio,
583 1709 668 1759 curn
686 1683 914 1798 praelegerat,
928 1681 1000 1758 visa
1019 1679 1083 1783 est,
1098 1704 1138 1760 ut
1160 1684 1258 1758 vinci
1276 1682 1320 1758 ab
1336 1684 1407 1758 alio
1429 1681 1583 1786 potuisse
1604 1681 1819 1786 stuperent:
1845 1711 1905 1758 ma·

248 1813 400 1898 guoque
420 1784 562 1883 semper
587 1785 625 1860 in
643 1783 828 1884 pretio-its
847 1781 1040 1858 haberetur
1054 1785 1123 1882 ille,
1144 1781 1375 1881 scholamque
1397 1779 1578 1858 celebrem
1603 1785 1790 1888 erigeret,
1817 1785 1904 1860 unde

279 1887 374 1966 ollea
390 1907 536 1964 tertium
555 1881 725 1960 diationis
745 1908 866 1986 genus
879 1881 1024 1958 emersit
1044 1879 1248 1973 Rhodium,
1285 1883 1328 1958 ab
1347 1883 1470 1958 Aitica
1486 1883 1665 1983 puritate,
1695 1883 1737 1961 ὃ(
1766 1907 1904 1962 tumore

232 1921 399 2087 ¹Kfiaoo,
420 1980 621 2084 diversum,
661 1979 881 2158 mistumque
905 2007 952 2058 ex
976 2005 1154 2081 utroque:
1181 1983 1317 2082 dequo
1335 1981 1410 2059 vid.
1463 1981 1714 2085 Qintilianus
1737 1985 1824 2064 Lib.
1838 1985 1904 2062 llll.

168 2135 171 2139 ⁴
251 2090 362 2171 Inllit.
381 2115 410 2164 c.
427 2111 478 2164 ro.
561 2084 738 2162 Ceterum
755 2083 804 2160 ΖΕ
820 2085 966 2159 chinem
985 2081 1234 2160 Demosthene
1252 2083 1409 2159 multum
1433 2079 1501 2156 elle
1525 2086 1564 2160 in
1584 2084 1749 2160 dicendo
1769 2086 1904 2161 inferio

251 2218 330 2272 rem
361 2189 500 2287 aliquot
518 2186 607 2261 locis
624 2183 759 2260 Cicero
777 2185 930 2279 evincit,
971 2209 992 2258 a
1018 2208 1094 2280 quo
1111 2207 1229 2280 neque
1247 2183 1469 2280 Plutarchus,
1483 2205 1603 2281 neque
1618 2183 1795 2288 Photius,
1813 2191 1851 2261 in
1865 2187 1905 2262 di·

252 2253 396 2372 versum
422 2287 567 2383 abeunt,
606 2307 672 2360 nec
694 2285 886 2384 quisquam
909 2304 1059 2378 temere,
1081 2284 1145 2378 qni
1173 2285 1316 2359 collatas
1337 2277 1526 2379 ditiusque
1548 2281 1760 2362 Orationes
1777 2289 1902 2392 legerit.

208 2434 213 2444 ·
251 2398 348 2470 Edita
360 2389 440 2464 sunt
455 2387 498 2462 ab
513 2383 612 2459 Aldo
627 2384 665 2458 dt
685 2383 890 2483 Stephana,
935 2383 973 2456 in
998 2379 1288 2459 Collefiionibus
1308 2405 1475 2458 veterum
1498 2383 1656 2458 Graeciae
1684 2383 1902 2464 Oratorum:

57 2509 60 2521 '
199 2509 203 2514 “
251 2480 1088 2584 tamdiunacumOperibusDemollhenis,in
1125 2480 1900 2584 rtestantilsrmaeditione,quaequartisHier.

105 2599 119 2607 ’
252 2573 1061 2676 WolffiicurisBasrleae1572.fol.debctur:
1131 2581 1463 2659 'rationemcontra
1483 2579 1774 2690 Ctesiphontem
1790 2591 1902 2665 latim

253 2709 446 2774 verterunt
459 2683 736 2782 edideruntque,
757 2685 819 2760 vel
834 2705 917 2758 cum
934 2678 1193 2760 Demosthenis
1210 2685 1376 2760 oratione
1398 2707 1470 2784 pto
1497 2681 1662 2784 Corona,
1678 2689 1741 2766 vel
1757 2715 1843 2766 cum
1856 2689 1904 2764 Ci

253 2794 396 2874 ceronis
418 2785 619 2888 Operibus,
638 2783 974 2880 Leonh.Aretinns,
989 2784 1114 2878 joach.
1136 2783 1337 2880 Perioniirs,
1357 2784 1394 2859 dt
1414 2782 1568 2884 Dionys.
1584 2787 1797 2866 Lambinus.
1812 2791 1902 2865 Grat-
1945 2811 1946 2880 t

255 2900 306 2975 cis
321 2895 427 2972 etiam
442 2887 631 2985 aliquoties
647 2883 848 2990 separatim,
864 2909 948 2958 cum
964 2881 1267 2960 Demostheniana
1284 2885 1361 2988 trapi
1377 2886 1524 2980 ςεφσίνε,
1540 2885 1576 2960 in
1590 2886 1710 2962 lucem
1726 2888 1902 2966 emiffaell.

193 3001 213 3077 8
379 2987 473 3094 lpfas
517 3007 637 3068 autern
669 2973 1117 3060 DEMOSTHENIS
1155 2987 1341 3061 orationes
1370 3007 1409 3060 ut
1440 2981 1690 3064 hic'multum
1715 2991 1904 3085 laudemus,

257 3121 282 3174 o
311 3117 354 3170 us
369 3084 528 3166 nonest:
554 3083 632 3160 satis
654 3105 785 3178 notum
801 3109 857 3159 eas
873 3083 918 3158 ab
937 3083 1108 3158 omnibus
1125 3083 1324 3183 Veterum,
1368 3107 1558 3184 quotquot
1579 3107 1695 3165 artem
1712 3095 1902 3170 oratoriam

257 3121 465 3286 cdlluerunt,
486 3187 751 3286 (ceteroaenim
775 3207 895 3260 cretos
916 3184 1153 3276 admiratores
1168 3207 1213 3258 ne
1228 3185 1378 3283 quidem
1393 3183 1560 3280 dicimus)
1572 3182 1734 3265 'summo'
1746 3219 1834 3270 curn
1849 3189 1901 3264 lh-
1944 3269 1945 3282 ,

150 3311 160 3320 “
258 3287 483 3398 pore-lesina,
502 3283 712 3383 insitamque
735 3287 775 3360 iis
794 3283 953 3359 divinam
974 3283 1254 3386 propemodum
1288 3287 1364 3360 vim
1390 3283 1631 3386 p'ersnaden'di
1650 3292 1903 3390 movendique,

260 3420 337 3510 qno
354 3391 474 3486 vellet,
497 3387 534 3463 ἃ
546 3383 862 3484 'exquisitillimum
880 3384 965 3459 illud
982 3377 1084 3482 ὕψος,
1098 3383 1200 3482 quod
1215 3385 1333 3462 ubivis
1359 3387 1396 3460 in
1412 3376 1828 3497 Demosthene'regnar,
1842 3416 1904 3468 non

261 3491 496 3572 ltnesummis
512 3485 809 3560 admirationibus
831 3487 963 3586 agnita,
990 3486 1226 3560 &inertium
1242 3484 1404 3562 laudibus
1424 3482 1566 3565 sublata
1617 3489 1720 3568 Pleni
1756 3493 1805 3568 dc
1846 3495 1902 3568 hoc
1943 3525 1944 3530 ¹

257 3585 343 3670 ‘snm
357 3591 501 3686 Cicero,
518 3583 716 3685 Dionysius
732 3581 1052 3682 Halicarnassensts,
1080 3583 1339 3686 Qi'ntilianus,
1377 3585 1604 3688 Plutarchus,
1640 3591 1901 3684 Hermooenes,

264 3693 469 3795 Longinus,
497 3685 660 3792 Phorius,
675 3683 815 3762 Suidas:
843 3682 1068 3764 Attfiotum,
1092 3709 1148 3760 ars
1171 3689 1218 3759 ita
1235 3683 1280 3759 de
1294 3683 1555 3764 Demosthenis
1575 3692 1774 3780 virtutibus
1792 3663 1902 3784 suunt,

183 3805 193 3819 ”
242 3799 306 3873 'nt
321 3789 424 3892 limul
440 3789 614 3863 vitiorum
630 3809 706 3862 non
724 3782 998 3879 obliviscantur3
1021 3709 1091 3860 sed
1099 3809 1193 3882 quae,
1213 3781 1297 3860 srad
1314 3788 1769 3894 virtutescomponantur,
1784 3765 1901 3906 pfopc

245 3911 249 3920 ·
267 3893 422 3972 modum
438 3888 561 3964 omnia
583 3883 806 3960 evanescunt.
858 3883 1031 3986 Ineptum
1047 3881 1114 3958 elie
1131 3883 1176 3959 ad
1185 3886 1294 3984 jocos
1315 3886 1353 3962 dt
1372 3886 1534 3990 facetias,
1561 3893 1598 3966 in
1614 3891 1829 3972 adversariis
1847 3903 1900 3970 hat

266 3985 473 4074 scurrilitate
497 3983 731 4091 exagitandis,
754 3983 888 4060 fatetur
908 3985 1113 4081 Lonoinus,
1132 3985 1173 4058 dc
1186 3984 1314 4058 Sublimi
1319 3986 1395 4088 siff.
1406 4011 1460 4082 34,
1486 4014 1601 4090 eaque
1615 3996 1711 4070 infe
1735 3993 1900 4110 tongent

265 4077 536 4200 praeferendum
574 4085 828 4190 Hyperidem,
866 4051 1139 4184 animaduertit,
1166 4085 1296 4160 hatum
1324 4085 1534 4164 facetiarum
1559 4094 1697 4169 mitum
1722 4097 1900 4172 artihcen:
1942 4081 1943 4130 l

211 4227 227 4244 ··
270 4209 401 4286 vetum
436 4181 538 4267 facile
569 4185 698 4284 istum,
746 4181 922 4282 siquidem
955 4183 1103 4284 alicujus
1124 4185 1372 4262 illanominis
1404 4186 1473 4290 est,
1522 4179 1709 4273 defectum
1743 4219 1901 4300 compen
1942 4155 1943 4211 ¹

268 4285 441 4374 sati'rnox
463 4287 564 4370 addit
584 4289 689 4390 ignea
716 4287 773 4362 illa
803 4285 1037 4360 &omnibus
1063 4283 1229 4360 inaccessa
1254 4281 1398 4362 dicendi
1422 4293 1473 4390 vi,
1486 4312 1556 4388 qua
1584 4315 1760 4372 nontam
1789 4313 1901 4372 movet
1939 4341 1940 4344 a

269 4398 465 4491 auditores,
502 4409 611 4496 quam
639 4408 753 4462 terret
788 4383 1136 4498 &obstupefacin'
1158 4381 1445 4486 Demosthenes,
1456 4393 1576 4494 ignito
1602 4393 1729 4496 spiriru
1750 4417 1900 4472 armatu

270 4497 367 4578 Non
381 4513 500 4573 tamen
515 4509 653 4592 parent,
671 4487 709 4565 in
727 4483 899 4566 omnibus
922 4509 998 4586 ejas
1022 4483 1282 4587 Orationibus,
1301 4481 1478 4569 clientiis
1497 4489 1765 4600 faiblimitateru,
1789 4519 1900 4574 monet

963 4616 964 4620 '
1822 4600 1900 4680 Pho
