3910 5234
275 204 362 310 Cap.
378 200 480 287 XIII.
508 203 740 308 DeExcerpt.
756 201 809 278 ad
817 195 1037 320 Disrplinrr
1057 148 1321 322 &Phrultrter
1331 205 1526 311 pertinent.
1584 199 1586 210 '
1649 221 1724 308 705

69 377 193 458 fluunt.
248 371 593 455 Condueithoc'ad
605 373 760 450 seientiae
779 371 1155 473 perfodionem,·cum
1171 399 1216 450 ex
1228 373 1311 476 ipsis
1328 375 1573 454 fundamentis
1593 379 1723 454 eruun-

70 506 122 558 tur
138 501 268 560 rerum
288 473 508 553 affettiones.
559 473 639 575 Qi
653 473 697 548 ad
716 472 822 548 seculi
834 472 947 551 nostri
969 476 1120 576 genium
1136 474 1388 576 philosophari
1402 481 1438 551 in
1451 477 1559 554 rebus
1584 499 1723 552 natuta-

69 582 155 661 libus
174 579 277 678 velit,
292 577 477 750 excerptis
490 597 609 652 utatur
624 573 681 648 ta'li
698 571 814 650 modo
834 573 1068 670 institutis&
1087 576 1307 674 experietur,
1329 600 1438 673 quam
1464 577 1536 654 hoc
1556 575 1620 650 fibi
1638 601 1725 676 pro·

68 675 291 756 futurttnisrt.
314 675 375 752 Est
404 699 471 752 ane
486 676 524 754 dt
543 678 581 750 in
596 674 712 748 Excer
743 672 840 748 endo
853 672 1021 772 quaedam
1036 678 1304 775 {propiusque
1318 701 1364 750 ert
1378 675 1450 776 ipsa
1463 677 1643 750 Virorum
1659 675 1725 750 do-

70 777 216 854 liorum
242 779 346 878 praxi
369 774 536 852 discenda
555 771 614 848 est.
666 775 684 818 *
736 771 878 848 diturus
898 795 974 848 erat
994 775 1293 871 nonupaile'eoeroc
1319 777 1577 851 Varscutus
1601 779 1724 848 Sermo·
1747 792 1787 864 13
1823 781 1829 864 j

69 877 239 973 nrsfidcles
251 879 289 950 de
308 876 398 948 modo
414 871 590 974 legendi&
608 873 821 974 Exeat-pendi:
854 897 940 964 nam
965 895 1006 946 ut
1024 873 1254 948 Schtte'ckius
1280 873 1438 972 testatur,
1461 874 1582 950 rellan
1598 873 1643 946 de
1655 874 1726 950 hac

71 980 219 1054 materia
235 975 398 1052 Drexelii
410 971 584 1050 laboriosa
598 974 636 1047 dr
649 968 794 1046 taediosa
809 971 996 1047 dilioe'ntia
1012 971 1137 1053 sedulo
1152 971 1370 1074 observavit,
1385 997 1461 1072 quo
1475 973 1583 1076 patto
1593 971 1728 1048 adtan-

71 1100 120 1154 tas
138 1075 358 1154 eruditionis
372 1095 466 1183 opes
485 1075 556 1148 viri
573 1069 675 1149 dodi
691 1037 945 1170 pervenill‘e'nt.
1265 1083 1267 1090 ’

175 1274 220 1348 ln
233 1271 380 1374 praIIicIr
396 1266 589 1369 disciplinis
604 1265 731 1342 eadem
744 1263 942 1368 colligendi
956 1269 1047 1343 ratio
1069 1265 1131 1364 est,
1152 1265 1178 1340 fi
1202 1266 1402 1368 disciplinas
1424 1268 1435 1340 i
1463 1267 1514 1344 sas
1533 1293 1730 1370 earumque
1748 1295 1793 1368 14
1842 1279 1847 1293 '

74 1369 340 1473 professionem
358 1369 395 1443 dt
416 1367 694 1468 explicationem
712 1364 927 1465 spedemus,
951 1365 1088 1442 sivero
1104 1366 1208 1442 usum
1222 1368 1259 1441 in
1275 1369 1349 1441 vita
1366 1293 1475 1464 civiii,
1497 1391 1558 1444 aut
1580 1371 1626 1446 ad
1644 1375 1728 1450 alias
1815 1369 1822 1382 '

75 1471 294 1574 disciplinas,
312 1468 377 1544 alia
389 1463 524 1542 institui
538 1487 797 1564 excerptorum
824 1467 916 1540 ratio
942 1463 1058 1540 debet.
1109 1466 1303 1568 Qateuus
1326 1467 1472 1540 moralis
1498 1469 1732 1571 philosophia
1776 1469 1784 1476 ’

76 1569 184 1652 usum
198 1569 307 1646 habet
322 1568 360 1640 irl
375 1565 472 1640 civili
485 1563 769 1661 conversatione,
786 1585 961 1660 quatenus
975 1561 1131 1644 Oratori
1147 1564 1455 1662 accommodatur,
1473 1568 1570 1641 varia
1583 1567 1731 1645 sunrex-

79 1695 122 1746 ce
173 1693 218 1746 ta.
268 1669 310 1742 ln
327 1661 601 1740 conversatione
619 1689 659 1738 ac
677 1665 751 1736 vita
772 1663 869 1742 civili
889 1663 985 1740 utilis
1003 1661 1053 1737 est
1073 1663 1240 1739 dodrina
1261 1663 1307 1736 de
1333 1663 1528 1740 hominum
1556 1669 1732 1750 moribus.

79 1773 98 1815 ’¹‘
127 1772 144 1844 l
174 1792 293 1870 eoque
309 1760 529 1838 charaiieres
545 1763 740 1836 hominum
754 1763 895 1836 ratione
915 1785 1074 1860 aetatum,
1092 1759 1257 1858 statuum,
1281 1765 1401 1838 notari
1424 1763 1576 1840 debent:
1609 1769 1731 1864 quales
1752 1799 1793 1868 15

80 1873 194 1946 etiam
216 1869 283 1950 elle
298 1861 373 1939 usui
391 1859 537 1964 poliunt
553 1861 589 1934 in
607 1859 825 1957 Rhetoricis,
846 1859 893 1934 de
920 1861 1051 1958 quibus
1073 1859 1178 1962 supra
1199 1861 1367 1938 diximus.
1411 1861 1534 1938 Usum
1556 1865 1733 1942 charaiie·

82 1993 171 2044 rum
190 1971 228 2062 'tp
246 1989 286 2042 re
302 1962 399 2038 civili
413 1957 570 2034 ostendit
588 1961 741 2030 Boeclerus
757 1961 794 2032 in
809 1959 1042 2038 Charadert'bus
1075 1972 1123 2050 tris
1136 1963 1293 2046 Venatus,
1305 1963 1342 2037 ὃ(
1356 1963 1591 2036 Brochntannur
1608 1967 1641 2037 r‘n
1647 1967 1734 2040 Ethi-

82 2070 192 2170 casua
208 2069 355 2166 historica
403 2057 475 2134 Sed
490 2059 546 2133 illa
561 2055 821 2140 Charaderum
847 2062 939 2135 ratio
960 2059 1008 2140 ad
1034 2059 1203 2161 personas
1227 2063 1402 2161 pertinet:
1428 2087 1505 2137 non
1561 2065 1737 2144 otiushic
1780 2149 1782 2152 ,

82 2192 170 2245 rem
187 2166 299 2270 ipl'am
313 2158 512 2260 spestamus
529 2160 716 2254 variasque
740 2160 825 2232 vitae
841 2155 1005 2258 statuum,
1028 2157 1235 2258 affeduum,
1262 2159 1509 2236 virtuosorum
1590 2161 1738 2250 uitioso-

84 2295 176 2346 rum
195 2262 436 2342 conditiones.
485 2257 585 2333 Talia
609 2276 779 2356 excerpta
807 2254 870 2332 sub
898 2260 1008 2334 titulis
1026 2257 1261 2358 clalstbusque
1283 2261 1474 2336 Virtutum
1496 2262 1535 2347 dt
1560 2266 1738 2339 vitiorum

85 2369 221 2468 colligi
233 2360 390 2468 polluat,
411 2378 451 2432 ut
466 2353 550 2434 fecit
566 2355 720 2456 quadam
747 2379 793 2430 ex
815 2379 919 2458 parte
940 2360 1123 2432 Mardonius
1142 2369 1174 2431 In
1194 2365 1379 2432 Pammene
1400 2357 1460 2438 sua
1480 2361 1518 2440 ἃ
1535 2367 1687 2467 Magirus
1707 2372 1745 2438 In

85 2470 336 2564 Pohmnrmonc.
636 2499 640 2506 ·
1807 2457 1810 2463 ’

185 2666 319 2738 Politice
331 2657 516 2758 Excerpta
530 2655 694 2766 primum
706 2649 887 2728 methodo
901 2651 1097 2751 disciplina·
1112 2650 1247 2727 institui
1266 2651 1424 2754 poliunt,
1461 2653 1507 2730 ad
1528 2652 1629 2730 usum
1645 2677 1745 2729 com·
1766 2668 1809 2736 ιε

91 2763 331 2844 mentationis
350 2759 387 2835 dt
402 2755 690 2854 disquilrtionem
705 2749 1045 2827 controversrarum.
1094 2749 1263 2826 Secundo
1280 2753 1461 2828 methodo
1477 2755 1687 2828 axiomatica
1697 2755 1748 2826 in-

93 2853 308 2956 stituuntur,
325 2879 500 2957 quatenus
516 2851 561 2928 ad
579 2847 681 2926 usum
696 2849 1129 2953 pratiicumreferunrur,
1146 2849 1354 2948 habentque
1370 2851 1568 2954 profundo
1588 2873 1746 2932 nontam

93 2959 286 3068 generalia
301 2959 468 3034 Politiccs
483 2973 677 3056 precepta,
694 2947 1036 3062 quaml-listoticos,
1054 2951 1239 3052 praecipue
1252 2955 1508 3055 pragmaticos.
1529 2951 1748 3054 *Qoniam
1769 2982 1813 3052 ¹7

98 3065 257 3140 enimin
275 3058 498 3133 enarratione
517 3061 642 3128 retum
661 3047 840 3154 gestarum
862 3073 974 3150 typus
988 3051 1113 3146 aliquis
1130 3051 1244 3124 civilis
1257 3053 1296 3127 dt
1317 3051 1533 3151 pradicuse
1548 3064 1671 3127 re'rum
1684 3051 1749 3125 cir·

99 3158 325 3240 cumstantiis
338 3151 764 3252 elucet,·ideoquequam
777 3153 919 3251 optime
935 3173 981 3224 ex
996 3150 1062 3226 illis
1086 3151 1167 3226 talia
1194 3151 1406 3252 colligenda.
1458 3153 1657 3228 *Fuerunt
1677 3151 1750 3250 jam
1771 3169 1812 3245 ιε

100 3261 209 3358 olim,
225 3261 290 3358 qui
302 3253 492 3352 confilium
506 3253 579 3327 hoc
600 3247 664 3324 suo
680 3247 883 3424 probarunt
909 3271 1014 3322 exem
1042 3249 1099 3324 lo:
1133 3273 1217 3324 nam
1248 3249 1611 3336 Cousrrurrrrus
1645 3251 1755 3328 Port-

102 3376 491 3450 ruuaooaureara,
507 3348 683 3426 LeonisP
712 3345 870 3448 ilosophi
889 3345 995 3446 filius,
1008 3275 1259 3448 iito'tempote
1274 3372 1320 3424 ex
1334 3347 1506 3425 Historiis
1526 3349 1623 3447 quali
1642 3349 1754 3430 flores
1826 3353 1829 3361 ‘

104 3465 149 3536 in
170 3481 289 3534 unum
309 3475 445 3554 corpus
469 3451 628 3621 collegit,
650 3448 688 3522 dt
707 3449 745 3522 in
763 3473 817 3620 q?
836 3466 959 3547 partes
984 3441 1143 3549 digelstt,
1173 3444 1334 3550 singulos
1355 3451 1460 3524 locos
1487 3449 1632 3524 duobus
1656 3449 1757 3526 libris

110 3553 481 3660 comprehendenqe
499 3552 561 3646 qui
587 3571 631 3622 us
644 3570 722 3622 non
736 3549 770 3621 n'
790 3544 904 3621 iduo-
914 3543 998 3620 libri
1014 3544 1060 3620 ad
1073 3570 1142 3621 nos
1184 3569 1424 3644 ervenerunt3
1442 3549 1531 3626 alter
1544 3545 1757 3623 videlicetde

111 3653 362 3758 legationibura
378 3653 482 3721 Fuluio
501 3649 608 3746 Urfiuo
627 3646 799 3721 &Doride
815 3643 976 3742 Hoeschclio
992 3644 1124 3743 editus,
1142 3572 1232 3722 aiter
1250 3647 1290 3720 de
1311 3653 1449 3734 Virtute,
1473 3650 1512 3726 ἃ
1538 3655 1640 3723 Vitio:
1664 3671 1759 3745 quos
1784 3691 1790 3694 ·

116 3765 186 3833 Nic.
201 3751 369 3851 Pcircfiius
383 3773 458 3824 aete
472 3746 535 3822 suo
550 3745 717 3842 redemit,
735 3769 776 3820 ac
793 3743 931 3836 ¹Graece
945 3744 1138 3844 Latineque
1156 3752 1311 3819 Hemicus
1327 3749 1458 3847 Valefius
1472 3745 1594 3824 edidit.
1617 3747 1762 3843 Reliqui

112 3857 200 3935 iibri
215 3875 345 3930 omnes
361 3845 623 3924 deliderantur:
640 3848 704 3942 qui
718 3841 911 3919 stinveniri
923 3842 1051 3920 alicubi
1064 3841 1219 3944 pollent,
1233 3870 1310 3922 non
1323 3850 1498 3962 exiguum
1506 3839 1711 3948 prudentiae
1720 3845 1768 3919 ci·
1789 3887 1791 3892 ,
1821 3893 1832 3898 *-

115 3955 235 4033 vni&
247 3948 407 4032 historiae
418 3949 543 4026 lumen
557 3942 737 4020 afferrent.
760 3943 879 4019 Multa
898 3946 1006 4020 eriam
1021 3945 1092 4018 illic
1102 3943 1309 4021 habenture
1323 3945 1421 4024 libris
1432 3943 1632 4060 deperditis
1640 3942 1765 4019 Histo-

118 4046 759 4149 ricotum5ftustrauuncquaerimus:
784 4067 868 4118 nam
883 4044 919 4118 in
935 4046 988 4141 iis,
1003 4064 1085 4119 utut
1105 4046 1241 4144 paucis,
1262 4067 1344 4142 quae
1358 4043 1513 4121 servant
1526 4043 1632 4120 nobis
1650 4043 1769 4120 Peire·

120 4157 226 4251 seius,
242 4169 439 4229 occurrunt
451 4148 604 4248 aliquare
618 4143 718 4218 libris
735 4142 882 4242 Polyhii
897 4141 1096 4244 deperditis
1110 4151 1288 4244 excerpta.
1341 4145 1493 4220 *Excer
1523 4165 1556 4219 ta
1566 4143 1622 4218 illa
1637 4141 1771 4220 institui
1789 4157 1831 4229 19

124 4253 275 4360 possunt
285 4269 354 4354 per
370 4253 547 4324 axiomata
558 4268 609 4320 ‘ex
623 4239 781 4318 historiis
799 4245 836 4320 dt
857 4265 979 4318 earum
997 4239 1266 4318 circumstantiis
1286 4169 1553 4320 contrahenda:
1577 4244 1772 4342 unicuique
1953 4239 1954 4242 ’

126 4355 302 4435 axiomati
333 4369 507 4426 numerus
537 4339 742 4420 addendus:
773 4341 875 4418 locus
905 4366 950 4417 ex
974 4340 1145 4417 historico
1164 4341 1424 4442 apponendus:
1444 4343 1608 4442 Spatium
1624 4337 1774 4440 aliquod

127 4455 189 4534 seu
204 4451 437 4629 itppervallurln
445 4440 738 4544 relinquendum,
748 4463 787 4518 ut
795 4440 929 4544 polliut
937 4441 1101 4545 parallela
1099 4442 1275 4618 &templa
1284 4467 1329 4519 ex
1345 4438 1689 4619 aliisHistoricisvesl
1700 4439 1781 4518 Ob·
1811 4459 1813 4470 ·
1830 4455 1836 4462 ·

266 4573 375 4628 omus
419 4605 428 4624 .
1002 4613 1006 4616 .
1147 4565 1171 4616 u
1201 4567 1258 4618 uu
1680 4565 1779 4622 erva·
