3970 5236
233 277 313 373 4„
737 270 764 282 =·
792 242 956 374 lapaut.
991 227 1148 349 titan.
1198 265 1345 349 tau.
1403 349 1409 356 .
1476 309 1480 318 ·

171 431 180 450 '
236 437 453 544 exponitur}
484 435 545 514 fed
564 441 656 515 cirea
675 435 787 513 finem
811 442 999 515 matutinae
1014 437 1155 517 allumit
1169 440 1380 542 Praeceptor
1396 437 1887 543 libellumpatadigmarum,

238 541 277 619 dt
290 543 418 644 ptimo
432 539 477 617 ad
492 539 782 642 Conjugationes
802 537 836 630 se
854 538 1011 637 confert,
1035 541 1204 644 praelegit
1218 540 1530 638 Conjttoationem
1547 542 1702 644 primam
1717 536 1887 638 adivam,

235 653 308 718 uita
324 667 409 716 eum
424 643 724 740 interpretatione
739 636 960 742 frugularum
973 637 1217 741 personarum
1232 638 1317 740 sapi
1344 659 1429 736 rme,
1444 636 1676 738 sequentibus
1685 637 1818 716 diebus
1832 662 1889 714 co·

239 741 655 842 terasConjugationes,
689 737 735 814 de
765 741 922 838 romptis
947 765 993 814 ex
1016 739 1161 816 Auto'te
1182 739 1370 840 exemplis,
1395 755 1478 836 quae
1498 737 1659 820 limilitet
1677 736 1807 838 dedit,
1828 737 1889 814 ad·

239 841 313 918 dita
326 839 473 944 singulis
495 840 715 914 Germanica
734 763 1004 941 Enonifimtione.
1081 839 1183 916 Tum
1206 837 1351 941 pallrvae
1366 837 1658 1012 Conjuputiones
1681 839 1889 942 praelegun·

238 961 299 1018 tur
317 964 357 1016 ea
372 939 515 1036 cautela,
539 959 581 1014 ut
596 936 729 1038 paffiva
744 963 822 1012 non
842 961 887 1012 ex
900 939 1063 1041 analogia
1077 938 1298 1038 formentur,
1323 937 1383 1014 sed
1408 961 1429 1012 e
1448 936 1486 1012 so
1501 963 1526 1014 o
1540 939 1684 1016 Autore
1705 961 1890 1040 petantur.

236 1035 1070 1142 Hincpraelegitparadigmatal)eclinationum
1115 1035 1554 1114 erintervallasecundum
1569 1037 1891 1138 earumordinem,

236 1138 621 1240 exemplam-Aurora
637 1137 820 1214 adduntur
836 1135 881 1210 ad
897 1134 1054 1239 lingulas
1108 1139 1350 1234 ecliuationes,
1373 1159 1486 1237 prout
1506 1137 1541 1212 sc
1564 1137 1777 1235 obtulerint,
1801 1139 1891 1216 cim

224 1239 577 1338 ,mtetptetationem
597 1235 739 1312 casuum
756 1236 1022 1336 Germanicam.
1073 1237 1224 1312 Interim
1239 1233 1284 1312 ad
1301 1235 1416 1312 finem
1436 1235 1668 1314 tendentibus
1683 1235 1892 1316 bebdoma-

237 1337 356 1437 dibus,
379 1335 571 1440 difcipulos
597 1357 709 1412 tentat
731 1336 954 1436 Ptaeceptor,
979 1359 1070 1411 num
1091 1337 1128 1414 iu
1150 1333 1485 1437 Conjugationibus
1512 1337 1550 1412 dt
1576 1335 1891 1416 Declinationibus

262 1434 514 1538 tomptismt?
539 1434 774 1536 respondebit
792 1457 886 1508 veto
905 1433 1096 1536 discipulus
1120 1434 1409 1512 omniaelibro.
1480 1437 1609 1512 Tertia
1626 1437 1806 1512 vicarlis
1830 1434 1892 1512 sex

233 1464 547 1634 bebdomadibus,
573 1535 662 1610 dum
682 1535 901 1610 Terentium
923 1537 1057 1634 repetit
1081 1533 1215 1610 eodem
1231 1533 1354 1610 modo
1377 1535 1479 1611 horis
1497 1537 1704 1634 matutinis,
1727 1536 1893 1638 pomeri·

236 1635 349 1714 dionis
367 1636 653 1712 Grammatieam
677 1635 869 1735 proponit,
893 1635 1073 1734 exemplis
1095 1657 1142 1708 ex
1157 1633 1301 1709 Autore
1319 1631 1529 1736 desumptis,
1555 1637 1604 1710 ita
1623 1652 1756 1732 tamen,
1781 1655 1824 1711 ut
1846 1633 1891 1712 ad

105 1822 108 1828 ,
233 1735 413 1836 Syntaxin
437 1733 605 1812 nondum
623 1733 775 1820 accedat
850 1732 996 1809 Dehinc
1017 1732 1065 1834 a'p
1093 1734 1300 1808 linationem
1354 1756 1599 1836 taeceptorum
1627 1733 1891 1814 Grammaticos

231 1837 308 1912 'hoc
327 1833 448 1912 modo.
463 1831 622 1910 instituit.
697 1833 805 1909 Hora
825 1835 945 1934 prima
961 1830 1034 1908 diei
1049 1761 1190 1910 {denam
1203 1855 1315 1908 unam
1326 1758 1498 1908 Plerentir
1517 1835 1698 1938 integram
1721 1837 1891 1934 exponit,

192 1981 210 2034 .‘
233 1933 381 2038 sparlim
396 1933 553 2013 faciliora
567 1934 768 2020 nomina&
788 1932 933 2028 uerbae
987 1934 1078 2012 licat.
1147 1933 1191 2007 ln
1207 1933 1334 2012 ceteris
1350 1932 1453 2008 horis
1475 1931 1577 2016 scena
1594 1933 1823 2010 examinatur
1836 1958 1890 2009 ac·

235 2038 403 2131 curatius,
430 2031 554 2132 quoad
568 2033 691 2106 Verba
709 2031 845 2130 solum,
864 2029 952 2107 dido
991 2035 1020 2107 is
1043 2032 1229 2136 exemplis*
1245 2055 1312 2148 per
1327 2030 1445 2106 Verbi
1467 2031 1679 2109 accidentia:
1704 2031 1769 2108 ubi
1791 2032 1892 2125 disci7

234 2135 314 2237 puli
330 2137 342 2207 i
371 2131 524 2209 lilibtos
539 2132 892 2210 Grammaticorum
908 2157 992 2206 cum
1006 2131 1238 2234 Praeceptore
1252 2129 1454 2234 inspiciunt.
1515 2131 1643 2208 Altera
1659 2131 1718 2208 die
1735 2131 1891 2232 sequens

235 2159 424 2310 leenadtoc
438 2232 555 2309 modo
572 2233 807 2331 examinatur,
832 2230 955 2330 quoad
971 2231 1139 2308 Nomina
1160 2229 1353 2306 observato
1377 2229 1840 2316 ordineSubstantivorum
1855 2235 1893 2312 dt
1936 2321 1940 2328 Α

196 2329 201 2338 ’
224 2332 529 2436 Αεῇεᾶὶνοτυιη.
603 2333 732 2408 Tertia
748 2330 810 2408 die
825 2331 1063 2432 Pronomina,
1086 2331 1173 2410 inde
1192 2329 1380 2409 Advetbia
1401 2331 1470 2408 &c
1497 2355 1581 2408 cum
1605 2329 1674 2408 suis
1696 2333 1895 2410 accidenti·

111 2499 114 2506 .
236 2436 316 2532 bus,
339 2455 380 2508 ut
397 2433 637 2509 Grammatici
650 2448 794 2508 vocant.
865 2429 967 2506 Hinc
984 2431 1197 2534 Praeceptor
1216 2431 1346 2532 incipit
1368 2433 1594 2536 conjungere
1613 2432 1738 2508 Verba
1753 2433 1892 2510 &No-

236 2537 350 2634 miua,
372 2534 410 2610 ὃ(
423 2537 583 2636 integras
604 2529 748 2632 phrases
763 2555 808 2608 ex
821 2531 966 2628 'Autore
981 2529 1130 2608 deducit
1147 2553 1216 2634 pet
1230 2529 1536 2700 Conjupationes,
1556 2529 1784 2612 substantiva
1800 2559 1892 2622 ‚cum

236 2633 484 2730 Substantivis,
508 2630 701 2732 Adjediiva
714 2655 798 2706 cum
814 2627 1051 2708 substantivis
1073 2632 1141 2706 &c
1167 2651 1220 2730 ut,
1242 2633 1329 2704 Facio
1345 2639 1357 2700 i
1376 2637 1557 2730 iinjmram,
1573 2636 1662 2730 facit
1675 2635 1718 2706 ida·
1730 2641 1892 2732 injuriam,

226 2737 315 2832 facit
328 2737 371 2807 illi
380 2741 526 2910 ὴὲιιήνηι
542 2729 611 2806 &a
637 2730 749 2830 itique
763 2733 975 2806 exercitium
991 2755 1058 2832 per
1070 2731 1210 2832 aliquot
1222 2727 1470 2806 hebdomadas
1490 2736 1732 2809 continuatur.
1807 2734 1893 2810 Hac

237 2837 376 2911 ratione
427 2831 587 2908 omoedia
608 2855 679 2906 una
698 2831 792 2908 intra
809 2829 972 2905 mensem
998 2833 1140 2908 circiter
1159 2828 1368 2930 absolvitur,
1393 2837 1434 2906 ut
1457 2830 1550 2908 hora
1574 2835 1747 2910 matritina
1770 2833 1893 2910 Auro·

234 2939 283 3010 ris
299 2957 419 3010 textus
436 2955 482 3006 ex
512 2933 699 3029 antonin
717 2933 843 3006 ceteris
852 2930 1105 3008 Grammatico
1118 2929 1344 3032 potillimum
1361 2928 1568 3009 tradentur.
1620 2933 1663 3007 ln
1680 2933 1739 3008 tali
1752 2936 1893 3010 exerci-

235 3027 472 3111 tioDeclinan
500 3027 803 3131 idtConjugandi
819 3027 957 3105 detinet
978 3029 1192 3132 discipulum
1205 3028 1380 3127 usquead
1397 3047 1566 3128 quartum
1584 3032 1784 3132 mensem,a
1801 3055 1892 3122 tem·

124 3173 132 3184 ·
239 3156 334 3234 pote
357 3132 511 3206 tertium
526 3128 687 3214 inchoati
702 3129 880 3226 Terentii,
903 3125 963 3204 seu
979 3129 1158 3205 inchoata
1173 3129 1430 3206 Grammatico:
1448 3132 1486 3205 in
1503 3133 1629 3208 cereris
1650 3151 1803 3231 quoque
1818 3134 1893 3210 Co·

240 3229 394 3307 modiis.
469 3229 571 3304 Tum
595 3227 642 3304 ad
659 3229 855 3330 genuinam
877 3251 1014 3302 vocum
1038 3226 1354 3344 significationem,
1374 3225 1531 3332 speciem
1545 3231 1583 3308 dt
1599 3229 1756 3336 figuram
1780 3233 1895 3310 dedu·

241 3334 345 3428 cinit,
368 3327 413 3404 ad
434 3328 619 3404 Praeterita
638 3329 675 3405 dt
694 3328 829 3430 Supina
848 3327 916 3404 &c
948 3349 1183 3430 exceptiones
1201 3330 1240 3403 in
1261 3328 1527 3406 Grammaticis
1602 3327 1804 3430 Postquam
1820 3338 1895 3436 jam

244 3429 527 3544 Etymologiam
550 3427 754 3503 universam
780 3453 864 3504 cum
914 3429 1082 3530 raecipitis
1105 3426 1382 3530 exceptionibus
1403 3447 1514 3533 tenet,
1536 3429 1582 3506 ad
1596 3429 1776 3532 Syntaxln
1798 3459 1896 3512 acce·

241 3528 305 3628 dit,
332 3553 413 3628 quae
426 3526 493 3700 tdpli
509 3529 583 3627 jam
607 3525 704 3626 quast
722 3525 852 3630 sponte
875 3453 955 3603 duit
976 3551 996 3602 e
1018 3531 1123 3629 copia
1141 3553 1291 3628 vocum,
1345 3525 1513 3630 hrastum,
1537 3527 1694 3609 scientia·
1708 3531 1893 3632 deflendi,

241 3629 426 3732 conjugati
456 3629 478 3728 i,
503 3626 717 3727 declinandi,
744 3626 944 3728 derivandi,
970 3627 1232 3730 componendi.
1344 3653 1407 3702 um
1432 3628 1577 3706 ‘ubemt
1597 3629 1672 3732 ipse
1697 3627 1894 3736 discipulus

242 3729 460 3803 Terentium
474 3728 596 3828 legere
618 3727 656 3802 ἃ
673 3727 912 3828 interpretati,
936 3727 1151 3804 auscultante
1165 3729 1397 3830 Praeceptote
1468 3752 1655 3830 monente,
1680 3728 1818 3830 siquid
1840 3757 1893 3810 er·

240 3829 377 3904 raverit
384 3853 395 3922 3
430 3847 509 3902 tum
528 3825 688 3901 eLatina
709 3829 746 3902 in
767 3827 1027 3904 Gennanieam
1053 3827 1258 3926 transferre,
1279 3848 1389 3924 atque
1410 3830 1458 3903 ita
1484 3825 1605 3906 t'otutn
1625 3833 1663 3905 in
1687 3827 1836 3908 succum
1856 3833 1894 3910 ἃ

241 3927 452 4104 iflalnguipaem
473 3929 699 4030 convertere.
775 3926 895 4031 Quod
912 3927 1006 4004 intra
1025 3930 1109 4005 anni
1125 3926 1277 4031 spatium
1298 3925 1496 4005 commode
1515 3927 1609 4008 ellici
1626 3929 1742 4034 polle,
1765 3933 1893 4012 Autor
1972 3965 1973 3980 t

279 4049 360 4105 ete
410 4049 478 4106 tur.
964 4059 968 4066 ·

181 4251 230 4330 30
344 4229 539 4308 Sedenim
558 4225 723 4328 forraffis,
749 4228 813 4328 qui
833 4227 914 4305 leve
933 4225 1023 4330 quid
1042 4225 1305 4331 existimabunt,
1330 4221 1424 4307 intra
1439 4233 1523 4309 anni
1543 4251 1690 4334 tempus
1708 4253 1893 4331 eousque

177 4327 181 4338 '
242 4329 280 4405 in
293 4331 420 4421 Latina
435 4332 574 4434 lingua'
604 4327 771 4433 regredi:
794 4327 996 4432 praesertim
1018 4355 1100 4405 eum
1114 4329 1308 4432 Scioppius
1332 4333 1370 4406 in
1386 4335 1515 4428 Prafar.
1528 4329 1895 4430 GrammaticaePbr'losa

235 4431 333 4532 phire
348 4443 487 4506 tantum
501 4453 553 4532 po
597 4429 808 4504 Nominum
824 4429 1109 4528 Verborumque
1122 4427 1377 4507 declinationes
1391 4435 1581 4508 memoriae
1597 4429 1780 4526 mandatas
1818 4432 1896 4506 see
1971 4489 1972 4526 p

245 4528 458 4626 quotidiana
473 4530 599 4606 Latine
619 4527 849 4629 loquentium
877 4529 1152 4630 consuetudine,
1183 4529 1245 4606 sex
1270 4527 1448 4609 menfium
1474 4531 1664 4612 intervallo
1695 4493 1896 4706 profpeille

314 4664 343 4694 ··
1339 4659 1346 4666 ·
1812 4650 1896 4730 teat,
