3910 5234
145 222 152 238 ,
225 123 299 318 7„
401 295 444 326 ,Ι
501 243 504 251 .
787 202 954 338 pontu.
979 202 1098 304 aran.
1115 203 1194 286 ru.
1211 204 1275 285 W

156 449 159 456 ,
231 407 286 464 tes
298 382 465 460 literatior
478 383 697 486 uruuiroqiuc
710 375 1010 479 monstravimus,
1024 353 1181 482 srng'rtas
1194 401 1294 455 nunc
1306 376 1384 490 ejus
1403 397 1523 480 partes
1534 371 1632 478 justo
1654 375 1778 455 ordine
1791 403 1860 482 per·
1931 357 1932 368 Ν

232 507 431 564 curramus.
842 549 845 556 .
1128 501 1137 517 ·
1283 501 1286 508 ·
1506 519 1510 540 =

100 738 106 746 ,
304 717 308 729 t
334 651 438 732 Dum
451 673 543 728 vero
558 655 805 724 Grammaticam
820 650 1065 748 nominamus,
1084 671 1161 722 non
1182 644 1263 723 sune
1284 647 1441 723 multum
1459 643 1709 746 praejudicatas
1729 651 1863 744 nonnul-

234 755 358 834 lorum
391 753 587 856 opiniones
620 749 861 849 morabimur,
882 749 1035 848 quibus
1054 770 1167 823 omne
1181 743 1225 822 id
1245 745 1433 823 sordidum
1448 767 1560 843 atque
1576 745 1651 850 uile
1663 741 1725 842 est,
1746 748 1865 844 quode
1932 777 1933 800 ι

236 855 482 938 Grammatico
495 847 675 956 proficisci
688 847 856 928 audiunt:
880 849 1157 945 artenimirum,
1172 872 1267 948 quae,
1283 870 1398 950 prout
1411 843 1477 950 ipsr
1488 844 1662 946 judicant,
1699 849 1761 922 vix
1784 849 1866 926 aliud

237 955 327 1058 quid
342 953 481 1063 praeter
490 952 634 1056 puerile
662 945 711 1030 rs
719 954 957 1050 ἀναγινώσκειν
972 982 1031 1048 aqu
1054 951 1096 1027 ri
1110 951 1259 1052 γράφειν
1277 946 1446 1025 edoceat:
1469 946 1555 1021 hinc
1571 943 1757 1046 objesium
1773 953 1865 1026 toties

237 1054 336 1158 quast
353 1055 507 1134 convitii
516 1053 603 1129 loeo
618 1049 820 1154 Scaligeris,
833 1049 1069 1149 Casaobonis,
1087 1047 1279 1148 Salmaliis,
1301 1047 1450 1145 aliisque
1471 1047 1559 1122 vitis
1670 1047 1725 1126 uis
1746 1063 1865 1126 nomen

236 1164 545 1232 Granunatr'corum:
571 1152 676 1250 quod
689 1173 812 1232 tamen
825 1176 901 1227 non
917 1151 967 1260 illi
983 1151 1116 1248 minus,
1140 1171 1250 1246 quarn
1266 1145 1460 1224 nasutiores
1475 1143 1627 1243 quilibet
1652 1143 1736 1222 audi
1749 1153 1866 1250 potius,

170 1322 174 1330 .
238 1250 540 1334 tantumabestut
555 1254 782 1354 ignominiae,
798 1251 950 1327 duxere.
998 1250 1110 1326 Tolle
1132 1251 1229 1323 enim
1253 1247 1536 1324 Grammaticam
1553 1245 1591 1322 ἃ
1611 1244 1742 1324 frullta
1764 1271 1795 1325 te
1808 1247 1868 1326 seu·

237 1356 454 1451 riesronari,
493 1349 669 1452 quicquid
688 1351 828 1452 uspiam
848 1350 999 1426 feliciter
1022 1351 1062 1422 iu
1081 1350 1191 1426 literis
1213 1342 1465 1451 peragendum
1478 1343 1637 1421 sumsisti.
1685 1345 1868 1425 Enimvero
1933 1381 1934 1408 ι

237 1458 385 1575 prolixe
399 1452 445 1528 de
460 1449 779 1554 usu&praestantia
792 1450 899 1551 hujus
913 1443 1174 1526 artisdilserere
1188 1445 1405 1523 nostrinunc
1419 1441 1569 1520 instituti
1576 1445 1733 1552 nopest:
1755 1447 1870 1524 salium

238 1555 278 1638 td
291 1551 509 1656 jamdudum
522 1552 570 1626 ab
582 1553 710 1651 aliis,e
725 1551 861 1650 quibus
872 1574 989 1626 unum
1008 1573 1105 1624 nunc
1124 1549 1203 1646 joh.
1226 1552 1427 1619 Woutoerium
1446 1545 1658 1718 Polpmatlt.
1680 1549 1803 1626 oxus
1818 1573 1870 1624 nu·

237 1659 431 1752 minumus,
446 1653 484 1728 rit
500 1677 523 1727 ιι.
532 1653 695 1750 nemine,
706 1652 771 1749 qui·
784 1649 909 1753 sapere
917 1671 1039 1751 optat,
1051 1650 1090 1724 in
1106 1645 1256 1724 dubium
1269 1668 1406 1722 temere
1420 1669 1511 1720 voca
1540 1646 1621 1720 itur.
1671 1649 1796 1724 Unum
1811 1649 1871 1722 hoc
1934 1685 1935 1722 t

237 1779 391 1848 monere
404 1751 564 1851 sufficiat,
581 1749 665 1855 falli,
685 1752 752 1856 qui
765 1751 1038 1828 Grammaticen
1051 1747 1143 1823 nihil
1190 1770 1297 1823 raeter
1309 1742 1505 1822 leslionem
1527 1745 1697 1852 jejunam,
1714 1748 1872 1849 rudente
1934 1739 1935 1830 l

236 1845 476 1957 scriptionem
490 1851 624 1928 d'ocete
640 1847 793 1956 persuast
808 1849 901 1950 sunt,
916 1876 1002 1926 cum
1018 1849 1080 1924 hae
1095 1773 1347 1950 praelino‘naria
1364 1845 1481 1922 solum
1493 1847 1579 1923 artis
1593 1845 1794 1924 absolvant:
1815 1845 1874 1950 ipsa
1934 1855 1935 1916 ῖ

240 1959 389 2032 interim
404 1955 562 2060 proprie
578 1955 618 2030 in
629 1951 823 2051 intellestu,
835 1950 1058 2054 scriptorum
1069 1972 1247 2050 prompta
1260 1944 1500 2050 expositione,
1518 1947 1556 2023 ἀ
1570 1951 1609 2024 in
1628 1947 1729 2024 reste
1742 1949 1873 2048 loquen·
1933 1961 1935 2020 l

241 2055 280 2132 di
294 2054 541 2155 scribendique
557 2055 698 2130 ratione
713 2041 890 2146 consistat.
936 2053 977 2128 ro*
993 2083 1036 2148 γε
1051 2051 1270 2154 μὲνγροίφειν
1285 2042 1345 2146 aar}
1368 2049 1607 2145 ἀναγινώσκειν
1642 2071 1728 2154 ‘ypra‘
1772 2055 1874 2138 νιτιιιῗνι
1934 2041 1935 2088 ⁷

241 2163 303 2246 'tiis
319 2153 551 2256 ιὶτελεςέξνιςὶ
575 2153 624 2227 alt
637 2151 746 2228 Philo
760 2150 906 2245 Judaeus
920 2150 980 2225 lib.
1006 2151 1081 2254 περὶ
1097 2155 1158 2238 τῆς
1172 2155 1218 2227 eis
1238 2153 1292 2229 roi
1320 2140 1610 2254 mqoxmslupotror
1624 2155 1704 2252 ςιυνό
1751 2183 1758 2226 e
1781 2141 1873 2241 circs

232 2255 469 2360 1τελειοτέρας,
486 2244 672 2356 νὶνάπἹυξις
681 2257 753 2332 ,τῶν
766 2253 873 2356 πειραὶ
892 2255 1049 2340 ποιηταῖς
1064 2281 1104 2330 τε
1118 2240 1178 2346 xor}
1189 2251 1455 2356 σινγγςιιφεῧιιν.
1507 2257 1621 2352 Lagare
1635 2255 1764 2354 quidem
1776 2251 1875 2352 scrise-

241 2385 316 2430 reor
330 2365 549 2429 Grammatico
566 2353 803 2455 impcrsrslion'r
823 2354 872 2451 esi,
881 2353 1081 2454 perfessione
1096 2377 1195 2438 vero,
1207 2359 1210 2366 '
1222 2359 1373 2438 euoluere,
1389 2380 1456 2455 qux
1470 2353 1556 2456 apud
1570 2356 1683 2428 Portas
1697 2351 1874 2458 &Scripto-

240 2473 492 2529 mtoccurruntt

177 2641 205 2698 2
256 2705 260 2712 ,
344 2619 451 2698 Circa
464 2621 635 2721 diarfionem
649 2614 1176 2698 Grammaricae'variaeveterum
1197 2620 1392 2722 opiniones
1415 2617 1511 2722 sunt,
1532 2645 1620 2720 quas
1642 2619 1796 2710 studiose
1807 2621 1875 2716 Joh.

242 2723 484 2800 Wouwerius
505 2719 748 2822 Polymathiae
762 2733 831 2802 ci.
848 2719 991 2798 &Phil
1008 2721 1078 2815 Jae.
1096 2719 1295 2796 Maullacus
1311 2723 1347 2796 in
1363 2719 1615 2798 Differrauone
1630 2721 1767 2799 Critica
1779 2723 1875 2798 Notis

242 2824 281 2898 in
297 2823 632 2924 Harpocrationem
647 2817 825 2922 praemissa
848 2821 1094 2925 collegerunt:
1121 2817 1303 2922 pbslerior
1326 2843 1459 2920 tamen,
1481 2823 1534 2898 uti
1549 2845 1753 2925 perpetuus
1773 2823 1875 2896 Wuu·

243 2925 348 3000 w'erii
364 2921 557 2998 insellator
572 2919 633 3016 eli,
653 2923 700 2994 ita
717 2921 856 2994 eumin
876 2921 943 2996 hac
966 2923 1083 2996 etiam.
1095 2921 1142 2994 de
1165 2917 1342 2996 divisione
1363 2919 1621 2999 Grammaticae
1646 2919 1876 3000 controversa
1936 2959 1937 2964 ν

197 3037 201 3047 “
242 3019 373 3122 puisun
389 3011 520 3120 carpinf
557 3017 826 3092 Communitet
839 3017 935 3094 suam
949 3041 1063 3094 artem
1079 3023 1118 3096 in
1138 3025 1292 3119 τεχνικὴν
1313 3018 1371 3096 seu
1392 3011 1582 3122 pabulum,
1605 3047 1689 3120 quae
1715 3027 1873 3098 rationem

244 3117 342 3196 reste
357 3117 534 3217 loquendi
550 3115 699 3212 edocet;
723 3113 931 3218 ἕξινητικιῖν,
945 3144 1055 3216 quam
1071 3117 1261 3199 rusiorum
1277 3124 1543 3197 enarrationem
1558 3119 1731 3198 transfert
1787 3123 1874 3196 uinti-

244 3220 379 3314 lianus3
405 3223 443 3296 tit
456 3219 604 3323 κριτικὴν,
619 3216 678 3292 seu
689 3218 881 3318 judicium,
896 3219 1232 3304 Grammaticorum
1248 3219 1313 3296 filii
1325 3217 1505 3297 dividunt.
1557 3220 1636 3322 Ipse
1650 3244 1770 3298 tamen
1817 3223 1877 3294 uin·

243 3319 389 3398 tilianus.
405 3316 680 3395 Gmmmaticen
698 3321 737 3394 in
754 3317 841 3396 duas
854 3340 992 3394 tantum
1007 3342 1127 3434 partes
1142 3315 1340 3418 distribuit,
1362 3311 1504 3409 tertiam
1523 3323 1670 3420 utrique
1693 3323 1875 3398 immixtam

245 3431 362 3519 ratus,
371 3417 479 3496 instit.
501 3420 527 3496 l.
541 3444 566 3492 t.
587 3443 616 3493 c.
631 3443 664 3508 4.
716 3417 842 3495 Nobis
856 3419 1077 3522 peculiartde
1092 3425 1207 3492 Cretico
1227 3421 1323 3496 libro
1337 3444 1445 3530 agere
1474 3417 1711 3497 constitutum
1727 3417 1786 3498 est.
1829 3417 1874 3493 De

247 3519 495 3596 Grammatice
509 3544 605 3594 nunt
618 3517 873 3614 exordiamur,
895 3519 948 3618 lit,
960 3545 1044 3594 cum
1060 3523 1208 3620 τεχνικὴ)
1218 3522 1334 3622 prima
1351 3545 1436 3621 pars
1453 3520 1540 3620 ejus,
1553 3517 1598 3596 de
1616 3522 1752 3626 linguis
1766 3517 1874 3596 &scri-

249 3641 362 3724 ptura
377 3619 548 3723 inprimis
560 3640 657 3721 agat,
667 3621 874 3722 generatim
886 3641 971 3704 ante·
981 3623 1107 3696 omnia
1121 3621 1168 3696 de
1187 3624 1229 3697 iis
1243 3619 1506 3722 dispiciendum
1520 3617 1580 3694 est.
1651 3669 1658 3677 -

188 3823 209 3894 3
349 3787 507 3890 Linguae
518 3783 623 3885 usum
636 3810 709 3861 una·
720 3811 802 3862 cum
818 3789 959 3862 ratione
974 3787 1148 3864 hominia
1162 3791 1283 3890 prima
1301 3785 1353 3863 sui
1375 3789 1557 3864 creatione
1576 3787 1746 3864 innatum
1764 3810 1805 3862 eo
1823 3788 1873 3859 mi·

251 3907 319 3964 nus
335 3897 480 3984 aquam
506 3885 645 3961 lurimis
664 3885 869 3966 dubitatum
888 3886 1031 4010 semper
1046 3887 1126 3986 fuit,
1141 3913 1222 3986 quo
1234 3885 1401 3964 illustrius
1423 3883 1515 3963 istud
1534 3885 1677 3962 donum
1694 3883 1754 3985 est,
1788 3883 1873 3985 quod

249 3912 603 4064 hominemalrrutis
618 3987 869 4085 animantibus,
888 4012 991 4086 quets
1011 4012 1086 4063 nec*
1095 3989 1331 4064 ratiocinium
1344 3989 1534 4090 competit,
1558 4011 1679 4084 neque
1692 3986 1818 4082 sermo,
1837 3981 1873 4059 se·

250 4089 375 4164 cernit.
425 4086 547 4162 Fuere
560 4083 713 4184 quidem
726 4089 815 4162 olim
831 4111 935 4186 aeque
952 4111 993 4164 ac
1008 4089 1267 4164 recentioribus
1283 4089 1383 4187 aevis,
1400 4098 1456 4191 qur·
1470 4085 1514 4163 δι’
1527 4091 1574 4160 his
1588 4093 1742 4160 rationem
1757 4083 1874 4161 orbum

249 4183 528 4282 mantuana,-
547 4186 847 4263 Puurancrtus
871 4188 1090 4288 peculiarem
1098 4188 1232 4264 librum
1246 4187 1311 4264 sub
1319 4186 1458 4291 dialogi
1471 4185 1593 4266 forma
1608 4185 1746 4290 scripfit
1757 4185 1826 4288 νιιςῒ
1838 4187 1876 4262 ri

253 4289 305 4364 coi
322 4284 445 4383 rium
461 4289 557 4394 λόγῳ
574 4281 735 4390 minius:
760 4287 981 4390 T.'11..0pp.
1025 4293 1125 4382 t965.
1138 4291 1362 4389 (quanquam
1378 4289 1503 4366 Franc.
1516 4287 1694 4366 Vavnilor
1708 4288 1872 4364 aeuum

253 4385 396 4463 Dieiionr
411 4411 442 4490 p.
450 4415 504 4476 215.
521 4387 625 4464 illum
636 4385 837 4489 Dialogum
846 4383 931 4463 falso
944 4314 1156 4462 abbomine
1170 4413 1300 4488 patum
1313 4388 1359 4464 ad
1375 4387 1589 4474 senteutiam
1603 4387 1741 4492 O'petis
1754 4405 1871 4464 attento

253 4485 466 4592 inscriptum
480 4484 1488 4594 putat,)·quainopinionenonablustsleillumaveterum
1501 4489 1803 4594 philosophorum
1815 4485 1874 4600 13¹²?

1317 4623 1353 4634 ¹·
1745 4611 1754 4629 ⁶
1813 4603 1877 4662 ctus
