3980 5236
103 259 111 274 ’“
332 254 414 417 cap.
442 311 488 390 n.
536 303 599 392 oe
620 335 667 405 ω,
685 259 781 418 qna
796 307 1039 444 itasciprno
1056 315 1216 402 nonum
1230 315 1286 417 aa,
1299 317 1475 428 excursis.
1566 255 1570 266 ¹
1665 347 1748 410 121.

80 475 306 594 *Qicquid
321 480 362 557 in
375 467 539 560 civilibus
561 485 720 658 negotiis
738 485 846 560 etiam
868 487 1072 564 moliuntur
1095 478 1377 593 sulmmoto,
1398 490 1438 569 di
1462 491 1597 592 versuti
1615 439 1795 595 homi-⁸33

10 672 12 688 ἲ
83 603 155 676 nes3
176 579 377 658 intercedit
396 583 783 684 eorum'coniliis,ubi
799 577 1158 690 minime'existimes,
1173 589 1287 691 Deus,
1303 592 1403 670 &ad
1419 591 1522 694 suum
1544 595 1735 676 arbitrium

83 682 197 758 omnia
210 705 299 756 com
330 685 420 782 oriit.
471 685 567 760 Non
588 680 649 784 est,
667 681 771 784 quod
793 685 853 760 hic
878 687 1012 788 ancilia,
1033 691 1219 806 ampullas,
1246 690 1396 794 seecures,
1417 693 1566 798 palladia
1593 696 1742 775 coelitus·

82 779 165 884 lrph
193 779 275 858 vah
327 781 530 862 binensium
544 809 650 861 enea
664 785 768 888 Reip.
784 789 1003 866 mutationes
1017 791 1161 889 tinmtu,
1177 793 1278 867 nullo
1291 813 1444 870 externo
1462 817 1567 872 motu
1583 795 1733 900 incusso,
1823 817 1826 826 ·

81 842 281 986 prodentia,
318 885 358 960 in
378 881 576 964 divinitatis
594 883 797 988 probandae
816 883 1012 988 subsidium
1031 914 1217 968 vocemus.
1269 891 1329 968 De
1346 891 1482 970 'Geniis
1510 895 1733 998 tutelaribus,

79 980 270 1086 praesagiis,
287 982 399 1087 prodi
428 987 482 1084 iis,
496 985 656 1085 ostentis,
670 1011 747 1062 non
762 989 889 1064 omnia'
905 1012 997 1064 vana
1012 987 1093 1066 sunt
1111 989 1380 1069 Historicorum
1401 991 1632 1096 documenta,
1654 1000 1732 1096 qui-

79 1087 143 1160 bus
156 1081 277 1158 divini
288 1009 430 1186 aliquid·
438 1084 571 1162 subesse
589 1111 648 1163 res
660 1085 734 1188 ipsa
746 1087 920 1188 loquitur.
969 1089 1012 1164 ln
1030 1088 1197 1192 auspicio
1212 1093 1335 1197 Regio
1353 1119 1444 1192 qnae
1464 1119 1543 1171 non
1563 1095 1733 1198 mysteria

11 1174 18 1281 ,¹
79 1182 243 1283 quatrivit
260 1181 465 1262 Boeclerus!
490 1185 548 1264 De
565 1188 699 1264 annulo
722 1193 768 1263 eir
782 1197 884 1286 auro,
907 1188 1011 1289 quod
1024 1187 1185 1284 ,Christo
1205 1194 1310 1297 Magi
1333 1192 1556 1293 obtulerunt,
1583 1193 1731 1276 fabrefa-

78 1285 183 1385 lisio,
199 1287 266 1384 qui
279 1287 374 1362 inter
389 1287 536 1385 antiqua
551 1287 684 1364 domus
697 1286 892 1376 Austriacae
907 1291 1046 1367 cimelia
1058 1290 1138 1390 fuit,
1154 1292 1367 1372 Lambecius
1380 1300 1494 1367 Comm
1513 1296 1552 1367 di
1564 1295 1643 1368 Bibl.
1656 1301 1731 1372 ‘Vin-
1814 1294 1828 1376 j

78 1386 236 1485 aalma
252 1389 365 1462 Tanti
373 1399 489 1490 parti.
504 1387 579 1461 lili.
589 1411 660 1490 pag.
673 1413 717 1478 ²5·
731 1386 910 1492 prodidit,
931 1389 1034 1488 quod
1056 1413 1225 1494 tempore
1241 1392 1325 1468 belli
1339 1393 1488 1470 insolito
1509 1394 1656 1500 fulgore
1679 1401 1733 1475 vi·
1898 1461 1918 1492 χ

77 1487 229 1563 lionam
300 1487 471 1564 rtendere
485 1487 579 1564 visus
598 1487 658 1566 lit:
709 1513 754 1566 ua
771 1487 816 1566 de
841 1514 881 1565 re
902 1489 1114 1586 sententiam
1136 1495 1268 1592 cuique
1289 1493 1438 1570 liberam
1452 1493 1528 1572 elle
1549 1497 1729 1576 volumus.
1777 1565 1783 1580 ,

76 1595 96 1632 ⁴*
109 1590 208 1664 Mira
268 1587 527 1690 a‘Principum,
543 1591 608 1687 qui
621 1588 671 1665 de'
683 1612 812 1691 petato
829 1592 999 1692 corporis
1014 1593 1106 1668 vitio
1122 1591 1325 1671 laborantes
1340 1593 1475 1672 sanitati
1487 1593 1730 1699 restituerunt,
1748 1621 1796 1702 34

9 1707 14 1775 ι
77 1715 118 1766 aa
137 1713 239 1789 vera,
256 1685 408 1786 ansila,
426 1709 571 1769 metant
587 1686 765 1766 historici:
792 1691 923 1789 quibus
938 1689 1000 1767 etli
1016 1689 1160 1769 fraudes
1181 1705 1446 1794 nonnunquam
1474 1693 1657 1793 immillae3
1683 1719 1732 1776 ta-

10 1778 14 1801 '
77 1815 159 1865 men
174 1791 237 1866 vel
257 1785 419 1865 affedata
427 1789 488 1868 illa
501 1791 522 1864 d
536 1787 767 1892 Principibus
785 1791 907 1868 divina
920 1790 1114 1895 ἀξιώματα
1127 1793 1219 1870 illius
1235 1791 1314 1874 Pale
1340 1797 1556 1896 opinionem
1579 1795 1693 1874 abesse
1709 1793 1737 1877 ,i

78 1889 276 1994 Republica
301 1891 379 1967 no'n
396 1888 529 1966 debere
544 1887 733 1968 declarant.
751 1972 754 1981 ,
783 1892 957 1996 Legimus
972 1917 1051 1968 rem
1072 1893 1274 1970 Romanam
1288 1898 1325 1970 in
1344 1897 1553 2000 praecipitio
1569 1894 1731 1999 stantem,

10 1994 15 2003 '
80 1989 237 2068 fatorum
251 2016 363 2068 manu
377 1989 421 2067 ab
437 1992 586 2068 interitu
602 1989 696 2094 saepe
712 2015 938 2096 revocatam3
964 1995 1139 2094 quoniam
1155 1994 1255 2072 orbis
1270 1998 1468 2098 imperium
1482 1997 1613 2079 Ro'mae
1627 1996 1731 2076 desti·

10 2156 14 2177 ,
79 2091 243 2170 nabamr:
271 2094 330 2168 cui
344 2091 537 2190 Romulus,
553 2092 612 2169 vel
625 2115 755 2168 arcano
774 2091 935 2194 consilio,
954 2095 1014 2171 vel
1033 2091 1172 2200 magica
1189 2117 1276 2198 arte,
1313 2120 1355 2175 ut
1374 2095 1592 2197 quibusdam
1617 2098 1730 2176 credi·
1820 2109 1829 2144 ⁹
1988 2113 1989 2148 l

78 2215 144 2292 tur,
160 2189 337 2316 praelufit,
353 2215 438 2270 cuni
451 2195 490 2270 in
504 2191 708 2270 meditullio
726 2193 827 2272 urbis
842 2192 980 2296 fossam,
995 2197 1053 2272 cui
1066 2195 1196 2273 mundi
1208 2221 1359 2298 nomen,
1366 2197 1564 2296 faciendam
1577 2220 1731 2301 curaret,
1747 2241 1754 2254 =

77 2294 183 2393 inque
199 2309 281 2372 eain
296 2319 317 2368 a
331 2295 536 2396 peregrinis
560 2294 771 2394 particulam
791 2317 899 2372 terrae
922 2299 1047 2400 patriae
1069 2287 1299 2396 injiciendam
1322 2300 1527 2400 imperaret.
1577 2301 1599 2346 ἕ
1664 2326 1729 2377 uo·
1748 2325 1795 2402 35

77 2395 197 2472 nesab
215 2419 386 2492 extremo
401 2394 565 2497 periculo
586 2393 707 2498 Reges
727 2393 856 2473 divino
872 2395 969 2495 quasi
982 2399 1126 2474 monitu
1149 2397 1327 2475 revocati!
1352 2397 1518 2476 visioriae
1541 2424 1665 2554 tempe
1716 2447 1730 2460 ·

76 2495 207 2574 mres&
221 2496 467 2600 procellarum
484 2491 641 2571 subsidio
657 2493 837 2573 obtentae!
863 2497 975 2576 Genii
987 2496 1054 2614 ipsi
1069 2500 1116 2573 in-
1127 2497 1249 2575 hostes
1265 2525 1431 2604 pugnare
1447 2499 1625 2579 visisunt.
1650 2504 1731 2602 qui·
1753 2587 1757 2594 ,

77 2597 141 2676 bus
155 2599 194 2674 in
209 2597 322 2674 rebus
339 2598 402 2695 qui
419 2595 534 2694 nullas
550 2594 625 2671 fato
643 2619 762 2698 partes
778 2596 914 2699 tribuit,
929 2624 986 2674 nae
1000 2625 1029 2676 1s
1051 2595 1097 2674 ad
1114 2623 1243 2675 omnes
1257 2623 1384 2674 rerum
1398 2598 1515 2685 sensus
1529 2601 1730 2702 obsurduit,

77 2721 131 2777 aut
150 2691 307 2776 omnem
325 2695 460 2773 bonam
484 2717 648 2772 mentem
669 2696 831 2796 ejuravit.
878 2696 1024 2774 Infinita
1053 2699 1235 2775 cumulare
1255 2721 1302 2774 ex
1327 2701 1496 2775 omnium
1516 2723 1731 2804 temporum

75 2804 318 2904 gentiumque
333 2795 517 2873 annalibus
533 2818 756 2900 poteramus,
771 2796 797 2873 si
816 2823 914 2874 nunc
929 2822 1009 2872 rem
1025 2798 1121 2872 illam
1143 2821 1360 2900 ageremus.¹
1418 2801 1571 2876 Utinam
1585 2803 1644 2875 vir
1676 2825 1730 2878 re·
1917 2883 1923 2896 Ι

76 2927 156 2978 nim
169 2900 353 2978 Ciuilium
368 2893 616 2999 peritiffnnus,
629 2897 826 2998 Breclerus,
842 2898 907 2996 qui
927 2897 1100 2970 Theatrum
1113 2900 1184 2970 sari
1206 2895 1361 2974 scribere
1380 2898 1511 2998 voluit,
1536 2898 1671 2977 librum
1692 2901 1732 2976 il·
1859 2989 1861 2994 ,

76 3001 150 3078 lum
164 2997 387 3098 absolvisset,
408 3022 578 3101 magnam
602 2998 689 3073 huic
709 3018 929 3100 argumento
946 2993 1065 3072 facem
1086 2997 1268 3072 accensam
1288 2998 1507 3075 videremus.
1553 2999 1596 3075 ln
1621 2997 1731 3078 causis
1842 3053 1843 3060 κ
1897 3000 1911 3018 ”
1952 3033 1955 3042 ’

74 3099 276 3202 judicandis
295 3097 483 3203 singularis
497 3095 710 3214 Principum
730 3097 994 3178 nonnullorum
1018 3103 1179 3198 εὐςοχίοι,
1205 3123 1289 3197 quae
1308 3099 1369 3174 vel
1383 3097 1731 3202 sapientissimorum

76 3200 258 3297 JCtorum
273 3202 441 3302 peritiam
456 3215 662 3298 antevertit,
678 3199 756 3279 Odor
769 3195 967 3298 juridicum
986 3199 1095 3274 nobis
1118 3197 1169 3276 ob
1190 3199 1318 3276 oculos
1330 3201 1449 3302 ponit.
1498 3201 1562 3276 Ne
1580 3197 1731 3300 quidde
1775 3209 1782 3226 ³

77 3303 211 3380 divinis
226 3304 266 3378 in
282 3303 388 3377 omni
401 3320 512 3404 genre
539 3301 645 3376 etiarn
667 3298 825 3400 barbara,
845 3298 989 3398 judiciis
1009 3299 1070 3379 hic
1092 3298 1265 3399 dicamus,
1314 3299 1420 3377 uibus
1444 3301 1629 3475 explorari
1651 3325 1733 3378 reo·
1857 3365 1860 3376 .
1988 3353 1989 3362 i

75 3427 155 3480 rum
192 3399 448 3500 deficientibus
463 3421 500 3476 te
583 3401 678 3476 oniis
704 3400 763 3476 vel
778 3400 985 3476 innocentia
1012 3400 1072 3474 vel
1085 3399 1191 3500 culpa
1211 3425 1257 3476 co
1298 3402 1409 3476 uevit.
1459 3406 1531 3477 *n
1551 3420 1730 3480 terrarum
1750 3411 1798 3504 36
1832 3399 1833 3402 ’

74 3529 112 3580 ac
125 3464 330 3608 re'gionum
344 3501 569 3605 cognitione,
587 3461 690 3598 quod
712 3501 789 3580 θεῖον
803 3459 1107 3676 geographicum
1124 3498 1465 3616 vocabimus,illud
1488 3499 1748 3617 deprehendi'

14 3664 18 3695 ,
76 3629 174 3681 mus:
201 3604 313 3678 certis
326 3623 539 3703 temporum
603 3600 716 3677 riodis
747 3626 789 3675 ac
839 3600 897 3675 tali
911 3596 1066 3698 quadam
1081 3599 1166 3703 lege
1179 3623 1302 3675 earum
1318 3621 1496 3678 nonnam
1517 3602 1732 3681 mortalibus
1821 3609 1827 3620 ’

76 3701 227 3800 recludi,
245 3701 520 3801 atqueitenim'
565 3662 766 3808 uperabiies
781 3696 1034 3815 navigantibus
1053 3698 1176 3775 obices
1219 3702 1295 3800 oni,
1310 3721 1352 3777 ut
1365 3701 1426 3776 vel
1443 3701 1620 3804 improbo
1634 3701 1732 3779 labo·
1836 3797 1838 3803 y

29 3853 33 3862 ·
77 3831 113 3882 te
127 3801 262 3882 frustra
279 3823 454 3901 quaerant.
496 3799 710 3898 Antequam
732 3798 887 3902 Hispani
900 3800 938 3874 in
956 3797 1164 3874 Americam
1209 3801 1423 3904 eri‘ivianam¹
1439 3805 1619 3904 venirent,
1633 3801 1732 3880 audi·

77 3929 109 3982 ta
123 3931 145 3983 e
159 3903 299 3981 fodinis
312 3901 357 3979 ad
373 3901 544 3978 barbaros
561 3903 750 4002 operarios
768 3923 846 3977 vox
870 3896 959 3998 fuit,
981 3923 1063 3998 quae
1088 3897 1242 3976 iniustos
1262 3926 1335 4003 pro
1360 3905 1560 4006 peregrino
1584 3905 1730 4010 populo
1817 3952 1820 3960 ·

78 4005 263 4084 thesauros
279 4003 483 4102 relinquere
492 3997 600 4101 jussit.
647 3999 743 4078 Visae
756 4025 778 4076 e
793 4001 977 4103 loginquo
992 4019 1106 4076 terrae.
1120 3999 1299 4100 quiedam,
1314 3999 1571 4103 repellentibus
1587 4002 1731 4104 semper

80 4109 218 4208 ventis,
251 4099 344 4180 adiri
355 4127 433 4196 non
446 4098 622 4204 poliunt..
653 4098 838 4218 Qaedam
856 4101 976 4198 etiam,
1011 4095 1038 4172 si
1057 4095 1148 4175 fides
1163 4100 1351 4178 itinerariis
1367 4100 1532 4176 habenda
1550 4097 1611 4199 est,
1632 4101 1730 4178 dete·

81 4206 155 4308 stae,
171 4203 303 4285 oculos
315 4203 511 4290 hominum
526 4199 566 4278 fu
595 4223 655 4278 ere
668 4201 851 4278 videntur.
901 4199 1029 4276 *lilius
1043 4200 1083 4274 in
1097 4198 1205 4275 rebus
1219 4199 1384 4278 civilibus
1406 4199 1484 4279 Sese
1504 4197 1615 4276 statua
1629 4201 1730 4276 Mer·
1747 4224 1797 4305 37
1944 4269 1946 4272 .

81 4309 218 4386 onmis
234 4301 298 4405 est,
314 4301 464 4378 &filum
474 4325 578 4400 quai
600 4299 836 4378 Ariadnaeum
850 4299 993 4404 praebet
1010 4299 1154 4400 lhfloria.
1203 4298 1360 4376 Pulchre
1373 4299 1407 4375 S.
1423 4297 1650 4406 Augustinus
1668 4297 1728 4378 lib
1811 4319 1825 4342 ⁸
1908 4397 1910 4407 Ι

81 4407 121 4484 de
135 4433 225 4485 vera
254 4457 259 4469 ·
295 4409 303 4421 '
335 4406 422 4480 ione
438 4399 478 4477 ee
507 4425 606 4492 ,ππ
643 4397 802 4500 Quniam
817 4403 923 4476 dorna
940 4401 1144 4474 Prouidentia
1156 4425 1217 4472 non
1220 4397 1324 4500 stilum
1330 4403 1459 4502 stragulis
1470 4397 1639 4473 horninibus
1653 4425 1730 4501 qua·

75 4409 347 4614 fipriuatinffi
356 4427 620 4604 mnssgmm'
632 4505 766 4579 huniam
786 4521 939 4608 tartquam
952 4498 1084 4603 publice,
1104 4497 1254 4598 coifiili't:
1276 4503 1357 4602 quid
1375 4527 1446 4572 cum
1459 4503 1588 4676 fingulr‘s
1602 4521 1731 4602 agatur,
1957 4567 1961 4574 .

80 4607 243 4712 Dmssdt,
261 4627 360 4708 arque
376 4605 442 4704 ist,
456 4627 526 4679 cum
546 4601 657 4707 quihus
673 4612 798 4710 agitur,
811 4601 940 4704 scium
969 4601 1050 4705 quid
1068 4619 1173 4677 autem
1188 4611 1308 4703 'agatur
1321 4607 1354 4676 in
1370 4625 1488 4703 geum
1530 4625 1652 4688 ummo,
1672 4623 1734 4704 per
1863 4643 1873 4691 ς
1936 4642 1939 4648 -

205 4709 357 4790 Turnus
617 4771 629 4782 -.
912 4821 916 4826 Ι
974 4785 976 4790 s
1025 4699 1091 4805 Q
1133 4829 1135 4832 Ι
1633 4703 1734 4806 ffislf
