3970 5236
256 263 330 342 472
414 343 417 350 f
499 307 522 337 „
656 221 682 332 j
830 226 997 337 roasa.
1024 229 1149 311 aner,
1172 230 1264 310 tu.
1293 210 1354 310 uf

201 474 218 524 1
377 431 456 483 tum
471 401 623 480 consiliis
638 401 807 508 omuibus
821 400 985 499 efficitur,
1000 400 1065 476 nist
1080 400 1123 476 ad
1138 425 1218 476 rem
1249 399 1363 572 ipsam
1389 398 1610 498 accedamus
1634 385 1906 486 &fabricanda

259 415 473 695 Psmu
489 503 567 580 sieri
586 501 768 578 discamus.
821 501 1043 576 Exercitatio
1060 525 1170 589 omne
1195 502 1233 578 in
1287 501 1350 600 ylo
1369 497 1662 602 punsiumseret.
1737 505 1908 584 Nisima·

256 639 259 650 ·
379 629 469 682 num
488 595 744 678 idmoveamus
759 603 876 772 operi,
891 622 1051 674 mentem
1069 601 1105 674 in
1119 623 1239 700 partes
1267 621 1395 676 omnes
1419 597 1613 699 versemus,
1633 603 1670 681 dt
1692 604 1739 680 ad
1766 633 1907 683 certum

379 699 565 801 quoddam
583 700 767 799 exemplar
795 697 984 774 'ermonem
1000 697 1164 774 nostrum
1179 701 1571 802 exigamus,nunquam
1588 703 1647 776 vel
1661 701 1705 778 ad
1722 705 1910 782 mediocre

259 801 435 906 loquendi
459 824 574 902 genus
600 801 871 900 perveniemus.
946 795 1274 896 Quemadmodum
1300 795 1460 896 pisiores
1483 799 1647 898 primum
1671 803 1775 880 rudia
1805 807 1908 882 linea-

259 900 544 1002 mentasignant,
559 898 595 972 dt
613 898 789 998 imagines
804 920 886 972 ante
909 899 1040 972 oculos
1062 897 1207 994 habent,
1234 921 1320 993 quas
1345 899 1562 996 intueantur,
1586 900 1624 975 dt
1644 925 1767 978 earum
1795 903 1906 980 dut-lu

125 991 132 1008 ⁵
181 1059 186 1076 1
259 1003 334 1082 suas
351 1004 523 1094 formant,
539 995 623 1070 hinc
647 998 830 1095 corporai
858 995 971 1071 bsrbi
994 994 1201 1082 delineanda
1225 1018 1454 1096 proponunt,
1480 1020 1532 1086 ac,
1546 999 1732 1074 coloribus
1754 1027 1905 1094 ornant;

165 1109 168 1116 '
257 1109 304 1180 ita
331 1100 487 1179 orationi
507 1093 591 1197 post
610 1095 727 1195 prima
753 1096 809 1177 illa
868 1096 1094 1176 rammatices
1121 1095 1334 1171 lineamenta
1353 1095 1496 1193 plenior
1523 1097 1670 1192 quidam
1699 1099 1843 1178 habitus
1862 1130 1907 1180 ex

196 1222 221 1282 2
260 1207 405 1303 optimo
424 1200 544 1294 aliquo
564 1195 706 1269 Autore
729 1192 1071 1295 circumponendus,
1144 1195 1165 1236 '⁶
1189 1194 1283 1268 Non
1306 1191 1443 1289 desunt,
1466 1195 1530 1290 qui
1551 1219 1702 1272 omnem
1724 1193 1907 1302 compost-

150 1337 154 1342 ·
260 1306 399 1379 tionem
421 1293 596 1372 sermonis
613 1293 732 1368 Latini
747 1296 783 1367 in
803 1315 920 1394 puero
936 1289 1121 1388 damnant,
1137 1292 1173 1368 dt
1188 1291 1232 1366 ad
1248 1293 1463 1369 maturiores
1477 1318 1591 1370 annos
1607 1295 1807 1396 seponunt,
1831 1307 1908 1399 qui-

158 1461 168 1480 .
196 1423 216 1496 3
255 1403 323 1476 bus
338 1423 410 1500 ego
431 1389 615 1491 nunquam
629 1389 791 1470 assentire
810 1395 934 1492 potui:
975 1393 998 1458 *.
1016 1389 1173 1468 Eveniet
1188 1394 1363 1488 enim,·ur,
1391 1389 1493 1488 quod
1513 1396 1642 1492 primis
1664 1401 1766 1472 annis
1784 1403 1905 1502 negle-

257 1524 355 1594 xere,
371 1495 449 1572 sero
474 1493 618 1587 disiant,
641 1492 677 1567 dt
706 1491 765 1567 vel
788 1495 858 1566 viri
881 1489 1046 1566 titubent.
1121 1489 1341 1568 Comenim
1358 1492 1430 1588 jam
1453 1512 1530 1564 turn
1553 1515 1713 1570 accurate
1744 1497 1906 1577 Autores

158 1659 161 1674 .
256 1599 465 1698 intelligunt
480 1591 653 1692 discipuli,
668 1589 785 1666 nescio
801 1617 883 1686 quae
896 1587 1058 1666 socordia
1081 1589 1273 1690 &ignavia
1288 1591 1529 1664 mutationem
1545 1598 1761 1693 corrumpit.
1787 1600 1904 1674 ,Nam

254 1703 363 1776 altera
381 1717 484 1795 parte
498 1693 643 1766 tarditas
657 1689 824 1788 quaedam
839 1690 975 1766 detinet
988 1688 1025 1764 ὃ(
1038 1687 1218 1764 fastidium
1242 1699 1287 1762 ex
1308 1713 1410 1762 mora
1425 1688 1492 1786 illa,
1507 1713 1618 1785 quam
1634 1693 1837 1776 intellesius
1866 1705 1904 1774 in

257 1792 525 1896 compositione
546 1788 680 1872 habere
699 1788 819 1887 debet,
834 1791 891 1866 cui
908 1792 1048 1892 gratior
1060 1787 1195 1867 accedit
1213 1781 1234 1862 e
1253 1786 1407 1877 lesiione
1425 1812 1614 1862 novorum
1628 1789 1816 1871 Autorum
1838 1799 1904 1872 ob-

255 1893 418 1987 lesiati03
442 1889 550 1966 altera
570 1909 682 1989 parte,
706 1887 795 1963 dum
814 1892 918 1990 rigor
945 1889 1124 1990 exigentis
1149 1884 1310 1992 magistri
1337 1883 1444 1985 abest,
1465 1887 1621 1964 remidio
1649 1891 1817 1988 quaedam
1840 1895 1906 1970 ob·

256 1995 331 2070 slat.
407 1991 464 2065 Ac
480 1989 571 2082 novi
585 1985 663 2062 sane
684 1987 798 2063 Viros
820 1989 858 2062 in
881 1987 1048 2062 omnium
1062 1987 1246 2064 Autorum
1268 1985 1435 2084 lesiione,
1459 1989 1496 2062 in
1515 1983 1709 2090 disciplinis
1730 1995 1902 2074 omnibus

257 2088 522 2186 versatiffimoS,
543 2086 685 2163 eumad
701 2084 935 2186 scriptionem
956 2106 1108 2160 ventum
1130 2083 1190 2183 est,
1214 2085 1372 2187 asperos,
1393 2085 1545 2185 hiulcos,
1564 2091 1741 2186 omnique
1762 2093 1904 2196 elegan-

256 2195 303 2270 tia
331 2187 532 2268 destitutos.
606 2185 716 2279 Adeo
738 2189 846 2280 eriam
877 2187 913 2258 in
945 2181 1257 2284 composrtionea
1291 2189 1422 2260 teneris
1449 2183 1636 2261 assuescere
1666 2191 1822 2266 multtim
1843 2194 1903 2271 est.

192 2302 218 2376 4
257 2295 275 2342 *
301 2287 447 2366 Frustra
456 2287 515 2362 lric
526 2283 635 2384 aliqui
650 2283 827 2361 imbecille
844 2283 1233 2386 puerorumjudicium
1255 2283 1449 2381 causantur,
1471 2281 1791 2387 compositionem,
1819 2297 1902 2390 quae

154 2447 163 2455 -
253 2386 475 2489 linejudicio
491 2381 624 2460 institui
645 2406 812 2483 nequeat,
835 2407 958 2460 natura
979 2381 1052 2484 ipsa
1070 2383 1304 2484 intelligentia
1325 2381 1567 2483 posteriorem
1589 2383 1665 2460 else.
1741 2389 1842 2466 Nam
1855 2393 1902 2468 sa-

133 2527 138 2544 ,
253 2517 301 2568 ne
316 2515 394 2566 non
407 2485 522 2562 statim
538 2485 583 2560 ad
597 2480 774 2584 Epistolas
790 2484 849 2558 vel
865 2477 1062 2559 Orationes
1079 2479 1279 2558 scribendas
1291 2479 1504 2559 accedimus.
1579 2483 1649 2583 Eer
1663 2483 1798 2564 aradus
1814 2517 1900 2594 pro.
1978 2519 1979 2590 ]

253 2587 458 2665 cedendum
474 2583 532 2659 est.
605 2583 768 2658 Primum
791 2607 858 2684 per
878 2579 1055 2682 simplices
1077 2578 1549 2684 propofitionesRegulisS
1579 2588 1639 2659 nia
1678 2587 1740 2664 icis
1761 2613 1901 2668 accom·

252 2684 452 2764 modandas
484 2708 524 2760 ut
545 2686 588 2764 in
601 2684 794 2758 Tirocinio
820 2681 884 2758 suo
906 2681 1001 2756 fecit*
1014 2680 1187 2756 Rhenius.
1263 2681 1340 2756 Ubi
1360 2677 1515 2756 lesiione
1562 2706 1699 2760 rmatus
1721 2711 1815 2788 puer
1838 2692 1889 2767 est

253 2791 334 2886 quis
350 2809 423 2862 tam
440 2745 603 2884 dupidus
622 2777 716 2877 esset,
733 2803 773 2857 ut
790 2805 867 2856 non
881 2805 989 2856 unam
1002 2781 1225 2876 alteramque
1238 2779 1433 2881 periodum
1452 2778 1520 2855 suis
1539 2784 1714 2860 membris
1741 2788 1779 2862 ὅ(
1794 2755 1901 2890 parts

253 2889 342 2966 culis
356 2907 489 2960 nexam
502 2904 632 2982 capere
644 2877 765 2980 possit,
791 2879 989 2981 praesertim
1011 2875 1037 2953 si
1058 2903 1078 2953 e
1098 2875 1285 2978 phrafibus
1308 2875 1480 2994 Epistolae
1495 2877 1747 2982 Ciceronianae
1767 2886 1900 2991 simpli-

192 2988 360 3065 5cioris
384 2982 576 3056 formetur.
648 2987 668 3028 ⁴
691 2979 791 3053 Nam
814 2977 1035 3078 periodicam
1059 2977 1155 3050 illam
1170 2977 1375 3074 junsturam
1397 3000 1505 3054 enam
1523 2983 1666 3150 pueris,
1692 3009 1801 3080 quam
1827 2995 1898 3090 pri·
1976 3030 1977 3045 ¹

250 3107 354 3158 mum
368 3078 448 3154 fieri
492 3073 595 3174 otest,
608 3075 855 3152 inculcandam
869 3101 952 3150 cum
967 3076 1129 3150 Sturmio
1140 3076 1189 3150 ob
1214 3079 1389 3152 eximium
1408 3077 1481 3174 ejus
1498 3103 1521 3152 u
1537 3103 1601 3152 um
1624 3080 1797 3158 suaserim.
1849 3091 1897 3167 Et

249 3177 432 3257 hincsaue
476 3177 527 3248 eri
541 3171 718 3278 existimo,
734 3173 837 3272 quod
857 3175 1012 3248 emultis
1035 3173 1142 3248 etiam
1167 3173 1456 3256 dosiissuuorum
1473 3175 1659 3254 Virorum·
1673 3179 1814 3286 scriptis
1839 3192 1896 3264 ab·

251 3279 295 3354 stt
310 3301 398 3350 vera
421 3287 558 3350 vocum
572 3273 609 3350 dt
654 3273 867 3348 eriodorum
888 3272 1120 3368 concinnitas,
1140 3275 1316 3369 quoniam
1330 3275 1423 3351 nulla
1444 3274 1492 3348 illi
1507 3278 1560 3350 rei
1581 3303 1665 3352 cura
1686 3303 1828 3360 mature
1851 3289 1897 3364 sa·

250 3382 296 3452 tis
318 3373 551 3476 impenditur.
669 3395 871 3447 arretssvero
897 3374 933 3444 in
951 3371 1080 3446 teneris
1097 3373 1225 3448 animis
1238 3373 1295 3450 illa
1312 3371 1526 3474 aprudente
1541 3399 1580 3450 ac
1593 3379 1714 3480 perito
1742 3383 1896 3464 dostore
1974 3449 1975 3489 ,

182 3483 185 3492 ’
248 3476 377 3578 sapius
393 3469 527 3548 ostensa
540 3493 648 3569 atque
664 3473 815 3572 repetita
832 3471 1065 3546 concinnitas.
1170 3487 1173 3493 ’

189 3685 214 3758 6
348 3671 515 3747 Primum
529 3690 649 3745 tamen
664 3670 758 3743 inter
772 3665 851 3740 ilaec
868 3668 1144 3744 exercitamenta
1159 3667 1283 3743 locum
1300 3687 1398 3744 tenet
1413 3666 1534 3748 versto
1552 3695 1571 3748 e
1590 3671 1894 3781 Latinainvutga-
1973 3641 1974 3711 s

225 3789 233 3800 ‘
251 3795 332 3852 rem
343 3772 634 3872 linguam,atque
645 3768 709 3842 ubi
720 3763 1143 3862 maturiusjudiciumest,
1158 3768 1349 3864 reciproco
1362 3767 1485 3844 labore
1504 3771 1541 3846 in
1553 3771 1716 3848 Latinam
1734 3775 1893 3878 linguam
1972 3849 1973 3852 ,

248 3873 400 3976 repetita
414 3865 616 3944 conversro.
642 3866 889 3962 Praeterquam
906 3865 1015 3962 enim,
1032 3864 1134 3962 quod
1147 3867 1187 3938 in
1201 3867 1414 3940 memoriam
1430 3867 1503 3968 ipsa
1512 3867 1896 3950 Autorisverbarevo-

247 3965 573 4072 cat,divers1tatem
588 3967 776 4062 utriusque
793 3965 927 4064 linguae
942 3961 1145 4040 evidentius
1160 3962 1209 4036 ob
1219 3961 1344 4038 oculos
1360 3970 1478 4066 ponit,
1489 3967 1577 4044 &ad
1584 3973 1807 4046 concinnum
1818 3997 1893 4048 ver.
1971 4007 1972 4050 3

125 4089 132 4100 ·
231 4073 384 4154 borum
398 4063 559 4168 positum
579 4066 752 4141 Romanis
761 4085 869 4160 atque
885 4062 1020 4138 Latinis
1035 4063 1178 4138 auribus
1192 4056 1401 4137 familiarem
1419 4089 1529 4140 manu
1546 4065 1654 4142 ducit.
1690 4069 1762 4144 Sed
1777 4093 1893 4146 tamen

248 4172 370 4268 aliquo
381 4166 521 4266 judicio
538 4189 634 4267 opus
652 4165 712 4239 hic
726 4154 788 4259 est,
803 4184 842 4234 ac
857 4157 1037 4236 difficilior
1044 4161 1146 4236 labor
1162 4159 1219 4234 ille
1234 4153 1295 4258 est,
1310 4185 1419 4258 quam
1432 4159 1458 4236 fi
1467 4163 1643 4264 periodos
1658 4167 1793 4264 aliquas
1802 4169 1893 4244 Ger·
1970 4185 1971 4236 t

190 4279 215 4354 7
251 4271 407 4352 manicas
432 4267 470 4339 in
482 4264 644 4340 Latinam
659 4264 821 4364 linguam
842 4261 913 4334 tiro
928 4261 1161 4337 converterit.
1238 4257 1261 4304 ἥ
1286 4257 1501 4336 Versronem
1523 4257 1717 4340 Thematis
1740 4267 1892 4342 Germa·

140 4443 145 4455 ,
247 4369 321 4442 nici
335 4367 373 4440 in
388 4363 553 4439 Latinam
571 4385 644 4463 ego
660 4359 853 4462 prolubitu
871 4381 947 4432 non
962 4356 1214 4434 instituendam
1229 4355 1405 4434 suaserim.
1455 4361 1550 4475 Non
1569 4361 1691 4462 probo
1711 4365 1805 4462 illos,
1830 4368 1892 4464 qui
1966 4385 1970 4402 ·

246 4461 424 4548 Historias
433 4483 665 4560 quascunque
678 4453 869 4544 vertendas
884 4477 1116 4558 proponunt,
1129 4458 1224 4535 inter
1231 4479 1328 4574 quos
1338 4453 1398 4556 est,
1413 4460 1476 4558 qui
1489 4457 1892 4638 sintvetsdenffiiqum

1766 4587 1895 4663 ortam,

1964 4409 1970 4602 l
