3970 5236
222 280 297 374 44⁶
352 299 356 306 '
570 283 577 292 '
806 249 973 361 Polyhist.
999 251 1151 334 sitnm.
1195 195 1276 330 aa.
1303 251 1352 334 ΙΙ.
1389 297 1404 356 J

223 439 410 542 quibusin
418 431 608 513 communi
617 427 895 504 hominumvita
903 421 1025 498 sermo
1038 417 1174 497 institui
1188 419 1373 518 soleaaon
1387 417 1594 522 spernendo
1602 420 1757 496 invento
1767 421 1900 496 conti?

128 621 130 626 ,
225 562 375 638 nentur,
387 563 428 612 ac
440 524 806 612 seorsimaNeandro
822 523 929 598 etl'na
938 521 1036 599 sunt:
1055 543 1163 618 atque
1177 544 1223 594 ex
1237 520 1362 617 iiaubi
1376 522 1566 602 memoria
1575 518 1886 617 mandariaThe-
1977 545 1978 556 ¹

227 659 324 714 mata
337 661 412 738 pro
426 630 596 710 versione
611 627 800 729 proponit.
834 621 866 698 E
882 618 1470 700 Grammatica&Nomencla·tore
1483 620 1720 720 repetitiones
1738 615 1887 694 crebras
1977 657 1978 718 p

229 735 392 835 instituit,
412 735 450 810 δι
464 733 557 807 hanc
581 731 688 803 telam
705 722 901 800 undecimo
921 743 1072 818 quoque
1086 742 1183 793 anno
1196 721 1374 818 pertexit:
1398 717 1634 794 Duodecimo
1653 741 1752 798 anuo
1766 719 1888 814 Auto-
1977 747 1978 810 j

229 861 290 912 res
321 839 481 927 latinos,
498 827 732 919 Ciceronem,
752 822 981 915 Terentium,
997 817 1207 918 Virgilium,
1224 815 1407 893 Ovidium
1417 817 1473 892 illi
1496 819 1662 918 exponit,
1676 815 1762 890 hinc
1778 816 1889 917 phta·
1977 851 1978 858 ¹

230 935 322 1012 lium
337 932 668 1020 sententiarumque
684 942 854 1022 excerpta
869 919 1042 1020 colligere
1054 916 1172 1014 jubet,
1187 918 1225 992 δι
1240 915 1286 990 ad
1299 914 1511 992 prosodiam
1528 917 1567 992 δι
1591 914 1713 991 versus
1733 913 1892 992 scriben-

231 1035 301 1110 dos
322 1027 542 1118 manuducit
593 1022 730 1097 Tribus
745 1017 977 1117 sequentibus
992 1019 1094 1114 annis
1114 1014 1257 1089 Graecae
1278 1014 1414 1118 linguae
1433 1013 1642 1092 rudimenta
1665 1015 1704 1090 δι
1723 1014 1889 1094 Autores
1977 1047 1978 1050 ¹

231 1131 415 1234 prioribus
426 1127 563 1227 jungit,
577 1119 702 1196 eadem
716 1116 794 1194 fere
806 1113 988 1192 methodo
1002 1111 1255 1215 procedendo,
1264 1134 1304 1188 ut
1319 1115 1357 1188 in
1370 1115 1492 1216 lingua
1504 1115 1647 1190 Latinae
1672 1116 1730 1190 cui
1749 1112 1818 1188 sini
1838 1137 1890 1192 et-

231 1237 307 1308 iam
323 1223 531 1306 locutiones
549 1221 699 1300 Graecas
728 1215 862 1294 eodem
879 1237 1030 1312 quoque
1054 1211 1196 1312 ordine,
1227 1211 1425 1288 secundum
1444 1215 1510 1289 tria
1525 1209 1713 1290 causarum
1741 1233 1892 1314 ceneta,
1977 1247 1978 1256 ι

233 1355 276 1408 ut
287 1334 327 1406 in
339 1329 466 1429 lingua
482 1323 619 1416 Latina,
633 1317 794 1420 collegit,
809 1316 991 1410 aliumque
1005 1311 1166 1386 libellum
1180 1311 1226 1388 de
1243 1335 1283 1386 te
1308 1313 1455 1412 poetica
1467 1311 1743 1410 Graecorum,.a
1786 1335 1893 1390 exet·

194 1487 199 1492 .
228 1431 421 1505 citationes
438 1423 599 1525 poeticas
610 1421 648 1490 'm
661 1416 794 1494 Graeca
808 1415 930 1514 lingua
944 1404 1174 1486 instituendas
1182 1409 1306 1486 edidit.
1357 1411 1471 1486 Anno
1491 1417 1547 1489 16.
1564 1411 1737 1488 Hebraeae
1750 1415 1892 1516 lingua

204 1555 208 1568 ¹
232 1528 439 1604 rudimenta
452 1515 699 1622 superioribus
716 1512 828 1612 addit,
844 1513 882 1588 &a
899 1510 1060 1608 ‘demum'
1083 1535 1136 1604 17.
1155 1507 1193 1588 δι
1222 1524 1274 1596 18.
1290 1533 1387 1584 anno
1413 1533 1481 1611 per
1499 1509 1723 1610 Dialeslices,
1749 1513 1892 1596 Rheto-
1977 1527 1978 1556 ³

232 1632 335 1726 rice-s,
352 1618 537 1723 Physrces,
553 1613 838 1715 Chronologiae,
854 1609 1015 1706 Ethices,
1038 1609 1191 1709 Geogra
1220 1609 1291 1698 hiae
1317 1607 1537 1709 compendia
1556 1611 1810 1709 circumducit,
1841 1637 1893 1690 at·

175 1768 214 1840 13
233 1750 307 1826 que
326 1729 377 1802 ita
391 1721 439 1798 ad
462 1713 799 1814 Academiasillum
815 1711 919 1790 satum
941 1708 1027 1786 disci
1057 1635 1324 1821 ulumasslegat.
1377 1711 1428 1776 ἢ.
1470 1733 1512 1782 ua
1527 1710 1570 1784 in
1593 1707 1776 1793 methodo
1797 1733 1890 1788 tem-

231 1851 342 1928 pora,
362 1845 447 1918 quae
472 1814 592 1892 studio
610 1813 862 1892 Grammatico
889 1811 1015 1908 impert
1044 1829 1167 1904 untur,
1192 1808 1299 1882 nimis
1324 1807 1602 1906 protrahuntur,
1625 1829 1707 1882 ante
1737 1813 1891 1886 uam-ad
1977 1827 1978 1884 ἢ

232 1924 432 1999 {astionem
448 1919 635 1992 Autorum
656 1909 866 1994 admittatur
890 1931 1001 2007 puer3
1026 1931 1113 1987 nam
1134 1929 1182 1980 ex
1211 1903 1275 1980 usu
1299 1905 1337 1982 δι
1359 1907 1517 1982 Ιεᾶἱοιιε
1537 1833 1892 2006 supplaidefenus

236 2021 504 2098 Grammatices
518 2011 748 2108 maj0ricum
767 2005 1069 2104 stuliupossunt.
1144 2003 1289 2080 Deinde
1303 2008 1349 2080 r'n
1378 2004 1695 2098 exercitationibus
1711 2007 1888 2086 Rhetori·
1977 2059 1978 2100 3

233 2126 287 2198 ais
313 2117 460 2221 parcior
497 2109 718 2212 est,.quam·
732 2103 863 2218 aelim:
906 2107 966 2186 eui
984 2108 1071 2214 plus
1092 2125 1167 2209 ego
1191 2108 1370 2208 temporis
1389 2102 1690 2210 impendendum
1707 2103 1891 2190 existima·
1977 2115 1978 2192 l

238 2243 370 2298 ueram,
410 2283 415 2291 .

182 2435 226 2506 ta
335 2418 547 2512 Jnnautas
568 2410 824 2504 Horrzctu,
853 2407 953 2508 cujus
975 2403 1083 2508 supra
1106 2410 1247 2486 mentio
1267 2407 1363 2486 fasta
1383 2405 1444 2508 est,
1462 2409 1681 2487 curriculum
1696 2409 1904 2512 paululum.
1977 2433 1978 2508 Γ

237 2515 421 2622 angustius
442 2510 618 2612 discipulo
630 2509 698 2585 suo
714 2505 893 2606 definivit,
906 2507 969 2584 sex
990 2506 1122 2584 scilicet
1141 2509 1272 2609 annos,
1292 2534 1312 2586 a
1334 2507 1494 2608 septimo
1514 2515 1628 2588 aetatis
1650 2535 1748 2588 anno
1770 2533 1891 2608 usque
1977 2559 1978 2564 =

72 2679 74 2692 .
239 2619 284 2696 ad
303 2617 487 2692 decimum
503 2613 664 2706 tertium,
676 2605 776 2682 unde
797 2607 835 2684 δι
853 2606 1366 2708 ΗικιϊιιιιβεθοίὶιιιιιιΓιιίΡΓιι.
1417 2607 1476 2682 Ac
1493 2608 1757 2705 quoniamtora
1771 2609 1890 2684 insor-
1977 2629 1978 2696 3

116 2749 120 2756 ·
238 2719 355 2794 matio
372 2712 494 2790 tribus,
503 2705 641 2786 aeribus
655 2707 877 2802 continetur,
890 2731 1057 2804 quorum
1108 2707 1205 2781 rimo
1231 2709 1292 2784 via
1317 2705 1364 2782 ad
1387 2705 1673 2784 Grammaticam
1699 2711 1871 2784 munitur
1879 2733 1891 2802 ;
1977 2707 1978 2768 l

150 2905 154 2912 ¹
239 2813 397 2894 secundo
417 2807 489 2911 ipsa
507 2809 753 2884 Grammatica
763 2831 855 2880 cum
872 2807 1049 2880 orationis
1062 2733 1367 2882 idiusdutoribus
1387 2803 1566 2900 traditum¹
1584 2809 1694 2882 tertio
1712 2807 1769 2882 his
1782 2805 1891 2884 Grac·
1977 2823 1978 2904 ,

238 2919 274 2992 ci
289 2915 476 3007 sermonis,
486 2931 559 2984 nec
571 2931 649 2982 aon
662 2903 867 2980 Dineericae
891 2905 1156 2982 &Rhetorices
1174 2901 1330 2981 studium
1349 2903 1581 3006 adjungitur,
1600 2905 1742 2980 idcirco
1758 2903 1811 2980 de
1832 2906 1891 2982 his
1977 2925 1978 2980 ἐ

238 3013 326 3116 ipsrs
348 3009 478 3086 ordine
492 3007 579 3103 anit,
595 3003 823 3104 praemittens
834 3026 911 3078 tres
925 2999 1023 3099 quast
1034 3027 1191 3078 canones
1208 3004 1406 3106 generales,
1423 3027 1585 3102 quorum
1601 3007 1742 3104 primus
1765 3003 1830 3104 est,
1847 3006 1890 3082 ln
1977 3043 1978 3050 ι

239 3108 429 3187 tradendis
442 3069 578 3180 artibus
594 3097 826 3202 progressum
841 3099 908 3176 else
925 3098 1189 3177 instituendum
1208 3127 1228 3178 a
1246 3101 1521 3184 facilioribus&
1546 3101 1764 3194 notioribus,
1782 3106 1890 3184 itaut
1977 3161 1978 3190 ,

239 3211 385 3308 semper
410 3207 534 3305 priora
558 3195 820 3300 posterioribus
840 3197 958 3274 facem
979 3198 1191 3298 praeferant:
1223 3199 1410 3278 Secundus
1432 3197 1494 3301 est,
1516 3203 1601 3280 Plus
1626 3203 1689 3278 dili
1719 3206 1829 3278 entiae
1855 3205 1892 3280 δι
1977 3197 1978 3262 l

246 3305 424 3406 temporis
439 3297 706 3377 conferendum
721 3297 905 3395 adfinem,
921 3323 1032 3396 quam
1049 3297 1095 3372 a'd
1110 3323 1168 3398 ea„
1179 3325 1260 3400 quae
1280 3299 1329 3376 ad
1349 3297 1480 3375 finam:
1494 3303 1662 3402 ,Tertiua
1674 3351 1677 3356 ·
1688 3227 1790 3378 {um
1807 3301 1890 3380 finis
1977 3295 1978 3388 ι

245 3407 288 3490 lit
304 3401 467 3496 mensura
481 3423 623 3494 eorum,
645 3397 795 3496 quae-ad
819 3395 945 3495 finem,
966 3397 1142 3496 quicquid
1164 3401 1211 3476 ad
1231 3424 1316 3476 eum
1339 3423 1418 3476 non
1442 3404 1614 3503 pertinet,
1639 3401 1893 3482 omittendum
1977 3399 1978 3484 ἶ

167 3495 176 3514 ’
249 3502 326 3580 elle.
378 3499 560 3576 Posterius
575 3520 666 3572 veto
681 3523 766 3572 eum
781 3498 906 3598 priore
920 3520 1172 3598 comparatum
1187 3497 1329 3600 semper
1348 3495 1432 3575 finis
1452 3486 1633 3578 rationem
1655 3499 1824 3601 induere,
1846 3527 1893 3578 at·
1977 3497 1978 3576 i

251 3628 324 3704 que
339 3604 386 3677 ita
404 3623 481 3676 non
494 3597 614 3674 solum,
626 3618 719 3674 artes
736 3619 831 3684 totas
843 3597 924 3672 alias
936 3595 1015 3670 aliis
1031 3593 1098 3670 else
1112 3600 1329 3702 anagninae,
1347 3618 1388 3674 ut
1408 3598 1557 3678 tradidit
1577 3598 1805 3700 Aristoteles,
1833 3602 1893 3677 sed
1977 3643 1978 3688 ι

251 3704 383 3779 artium
398 3701 506 3774 etiam
523 3697 735 3797 partesalias
755 3697 830 3772 aliis
854 3692 1038 3793 inservire,
1065 3696 1278 3798 &proinde
1300 3700 1380 3772 alias
1405 3699 1892 3802 quodammododnapmt„
1977 3737 1978 3780 ,

249 3804 331 3882 alias
348 3791 719 3904 ιίςχιτειιτοιιιιιὲςείΐεὋ
771 3795 938 3882 Primum
960 3817 1051 3896 ergo
1068 3794 1127 3872 hic
1144 3794 1370 3898 diligentiam
1388 3799 1426 3872 in
1443 3795 1585 3896 syllabis
1604 3799 1703 3874 reate
1718 3804 1893 3904 colligen-
1977 3801 1978 3878 l

122 3940 134 3958 r
253 3900 309 3978 dis
325 3896 502 3999 impendi,
520 3891 682 3994 aclimul
702 3892 755 3975 ad,
763 3891 965 4066 pingendas
978 3892 1098 3990 literas
1109 3918 1244 3994 pueros
1263 3895 1459 3970 manuduci
1475 3899 1574 3972 vult:
1609 3897 1895 4002 Calligrapbiam
1977 3935 1978 3946 ι

181 4031 198 4074 ’.
253 3997 609 4076 enim'vebementer
631 3990 757 4066 laudat.
838 3993 1094 4066 'tarnmaticam
1115 3991 1330 4071 succinstam
1354 3993 1391 4068 ὅι
1414 3993 1627 4073 semitatiam
1650 3997 1896 4076 adhibendam

255 4101 418 4200 primum
435 4093 582 4193 judicat,
605 4089 908 4166 &abstinendum
928 4091 1215 4166 aGrammaticis
1236 4089 1511 4170 definitionibus
1534 4095 1571 4170 δι
1591 4121 1631 4172 re
1661 4097 1727 4172 ulis
1754 4099 1894 4174 intrica-
1977 4123 1978 4196 ι

157 4229 163 4234 .
238 4197 421 4298 'rioribus
436 4215 591 4291 quarum
603 4187 743 4266 sensum
758 4215 836 4266 non
852 4189 998 4290 capiunt
1011 4192 1117 4290 pueri
1125 4217 1136 4285 3
1161 4215 1241 4268 rem
1264 4189 1376 4291 ipsam
1425 4217 1507 4268 uam
1535 4121 1790 4298 stmpddciffime
1807 4223 1894 4299 pso.

256 4293 485 4398 ponendam-3
508 4292 645 4386 Latina,
672 4313 757 4386 quae
781 4313 859 4363 non
878 4289 1080 4390 intelligant
1106 4293 1224 4390 pueri,
1251 4315 1328 4364 non
1356 4289 1390 4364 d'
1409 4291 1533 4392 cenda,
1556 4320 1623 4371 nec
1644 4294 1717 4398 ipsi
1744 4297 1896 4396 quidem
1977 4333 1978 4346 ,

286 4390 714 4492 raeepta’Grammatica,
732 4411 797 4461 nec
810 4385 997 4484 Syntaxin,
1017 4389 1116 4486 cujus
1135 4391 1269 4490 regulae
1283 4412 1351 4490 per
1371 4415 1545 4469 numeros
1568 4393 1752 4470 distinliae.
1773 4425 1777 4431 ·
1806 4399 1899 4472 Ver.

258 4419 366 4572 donis
399 4489 586 4566 materiam
617 4509 663 4561 ex
689 4486 847 4588 probato
870 4485 1012 4563 Autore
1038 4511 1112 4588 pro
1140 4491 1309 4592 exemplo
1334 4489 1468 4592 tegulis
1491 4491 1740 4596 applicandam
1765 4493 1898 4573 suadet.

453 4611 458 4618 ’
1062 4597 1079 4616 ·’
1294 4637 1295 4642 ¹
1829 4595 1901 4674 tas
1977 4609 1978 4704 ι

1977 4715 1978 4762 ι
