3950 5236
671 245 756 356 Cap.
778 246 862 334 XV.
886 247 1017 362 Sylloge
1031 249 1295 358 eremana
1586 207 1589 214 ι
1728 277 1799 354 509

138 413 335 492 versamur.
388 413 508 518 Qod
524 409 664 518 placere
681 421 769 498 viris
784 419 918 523 doffis,
934 422 973 502 du
991 389 1142 524 quidem
1162 451 1294 504 eorum
1309 425 1542 602 grindssibus
1559 422 1797 542 pessumum
1893 517 1894 520 Ν

134 539 198 590 tua
217 517 410 629 autoritate
425 515 604 630 procedit.
628 617 635 633 ι
674 517 844 624 'Qand'o
869 547 962 626 ergo
989 550 1058 602 nos
1081 525 1188 604 semel
1205 525 1309 602 reddi
1336 525 1434 601 illiti
1460 521 1796 627 iobnoxros,adde

132 613 387 786 supenonbus
400 637 470 692 turs
485 612 668 695 beneficiis
685 645 801 698 unum
817 621 892 700 hoc
910 626 1195 726 maximumque,
1210 651 1252 702 ut
1274 649 1333 702 tua
1353 624 1675 702 commendatione
1690 626 1795 700 inno-

130 735 171 788 te
188 735 310 826 Comus,
324 711 421 819 Viro
436 713 485 788 illi
502 737 559 830 ma
615 741 651 816 ο,
673 743 784 818 quem
805 745 935 798 omnes
955 721 1160 826 suspiciunt,
1175 725 1410 824 admirantur,
1428 727 1465 802 'ur
1481 725 1614 800 coelum
1631 721 1800 818 evehunt,

129 810 303 888 laudibus
331 809 358 887 fi
402 832 446 888 ua
460 813 568 890 nbtu
594 839 613 890 a
628 815 891 897 homuncionis
908 821 1016 920 hujus
1034 851 1117 901 cura
1132 823 1190 900 est.
1241 825 1322 900 Hac
1338 849 1397 900 me
1415 825 1613 900 ambitione
1631 823 1793 900 laborare

127 935 215 996 non
231 873 404 1012 difliteor,
418 913 568 1030 urlsrro
584 914 635 992 illi
646 917 797 1094 glacere
812 919 1070 1000 incredibiliter
1085 929 1239 1028 cupiam.
1290 923 1429 1029 Q1aefi
1446 927 1485 999 in
1499 945 1651 998 menon
1669 945 1793 1024 repre·

126 1009 330 1088 hendenda
346 1009 398 1086 est
411 1033 569 1114 penitus,
584 1035 623 1090 tu
682 1019 752 1094 cies
771 1019 1093 1100 commendatione
1108 1045 1180 1124 tua,
1202 1048 1245 1102 ur
1265 1045 1359 1100 voto
1377 1025 1451 1100 hoc
1468 1017 1594 1098 nostro
1617 1017 1792 1122 fmamur,

126 1109 354 1284 ‘1³53le
369 1109 471 1220 illum
485 1113 689 1216 ingratiam
708 1141 769 1192 me
781 1143 924 1220 ponere
945 1145 1066 1224 potes,
1090 1124 1127 1200 δι
1143 1124 1246 1224 quod
1267 1125 1311 1202 ab
1326 1127 1444 1200 amico
1460 1121 1603 1238 sperare
1620 1121 1715 1222 licet,
1732 1145 1792 1196 cu·

124 1211 204 1382 fiis.
246 1316 251 1324 Ι
276 1227 280 1232 ·
307 1209 438 1324 ΙιιΙΙιιιιι
451 1211 545 1288 mihi
560 1211 739 1292 beneficio
755 1218 948 1318 r'uomajus
961 1221 1065 1298 obtin
1095 1247 1156 1300 ere
1171 1223 1302 1328 potest,
1318 1220 1654 1328 gratulabamurque
1671 1219 1791 1317 nobis,

171 1327 294 1412 perte
305 1313 637 1426 impetraverimus,
650 1313 755 1416 quod
771 1337 844 1394 tam
857 1321 962 1395 anxie
976 1345 996 1396 a
1009 1249 1115 1399 nodis
1133 1309 1322 1422 quesitum
1341 1319 1399 1398 est.
1449 1319 1626 1399 Dabimus
1639 1317 1793 1396 viciffim

129 1431 304 1532 operam,
318 1433 367 1486 ne
379 1409 418 1484 in
433 1429 618 1514 ingratum
632 1411 823 1494 hominem
844 1438 902 1497 rot
918 1423 1046 1498 merita
1066 1445 1128 1528 tua
1144 1425 1270 1502 collata
1286 1419 1354 1500 elle
1369 1421 1570 1498 videantur.

239 1603 346 1750 Alia
367 1613 605 1752 petitoria,
640 1651 699 1722 ex
714 1615 864 1756 Epist.
882 1651 966 1728 20.
995 1613 1072 1726 lib.
1096 1652 1158 1762 ις.
1194 1659 1285 1764 qua
1320 1626 1421 1764 quis
1453 1619 1686 1748 Amicum,
1791 1617 1832 1746 ¹9

412 1811 415 1818 -
467 1777 544 1868 per
559 1753 734 1846 Galliam
752 1759 795 1846 dr
812 1760 966 1848 ltaliam
983 1767 1326 1876 peregrinantem,
1344 1765 1459 1880 petit,

670 1905 673 1916 ’
780 1873 1148 1987 QOffim.

236 2001 424 2106 Etfijuxra
440 2027 527 2082 cum
541 2003 767 2112 ignariffimis
781 2007 954 2112 scio,quo
973 2015 1012 2088 in
1025 2014 1110 2091 loco
1127 2036 1162 2090 te
1178 2010 1456 2130 deprehensurae
1473 2011 1542 2090 finr
1557 2035 1649 2090 meae
1664 2011 1809 2111 literar,

121 2109 209 2210 jam
230 2109 493 2205 κοσμιπιλίτηι,
518 2127 677 2208 toroque
696 2107 803 2209 coelo,
825 2132 954 2210 totque
968 2115 1074 2190 terris
1089 2139 1112 2189 a
1127 2137 1187 2188 me
1201 2110 1435 2214 dajanstum,
1455 2110 1541 2189 dedi
1556 2135 1677 2188 tamen
1694 2112 1789 2214 Aga·

125 2229 226 2310 pero
241 2203 367 2282 nostro
397 2227 535 2283 utnon
550 2205 624 2284 illas
640 2229 781 2286 tunnam
795 2210 861 2288 tibi
874 2209 1031 2314 afferret,
1049 2211 1109 2289 sed
1124 2214 1161 2290 dc
1181 2211 1328 2314 librum,
1347 2237 1459 2314 quem
1482 2237 1600 2314 nuper
1607 2214 1650 2286 in
1669 2211 1788 2285 lucem

127 2303 308 2382 mifimus.
359 2266 480 2410 Quod
496 2303 628 2479 fierffo
645 2305 712 2412 ipsr
727 2307 912 2388 ramfelici
929 2310 997 2388 else
1012 2315 1106 2412 licet,
1122 2335 1163 2390 ut
1179 2315 1218 2388 in
1236 2311 1431 2402 reincidat,
1451 2310 1543 2388 habe
1559 2311 1634 2386 hoc
1653 2312 1788 2385 amoris

127 2401 251 2482 nostri
262 2415 567 2508 monumentum,
593 2429 673 2510 ege,
689 2407 803 2509 cense,
818 2409 857 2486 dc
872 2409 963 2510 quid
981 2413 1047 2488 ribi
1061 2411 1169 2514 super
1182 2411 1257 2488 hoc
1276 2432 1496 2527 argumento
1516 2407 1715 2508 videbitur,
1734 2431 1789 2483 re·

125 2503 259 2582 scribe.
306 2503 409 2580 Tuas
423 2503 521 2580 enim
537 2504 669 2609 literas,
684 2527 727 2584 ut
739 2505 950 2586 diuturnam
965 2511 1112 2612 explere
1127 2509 1581 2614 finm·cup1ens,exspe6lo
1603 2532 1690 2609 quas
1704 2531 1790 2584 cum

126 2627 175 2683 ιιι
191 2601 400 2708 promiseris
421 2601 477 2678 fre
491 2599 733 2705 'uenliffimaa
751 2605 846 2698 adeo
866 2608 1001 2686 malum
1019 2635 1118 2686 nunc
1141 2634 1279 2686 nomen
1300 2633 1351 2707 es,
1369 2633 1412 2686 ιιι
1431 2631 1532 2686 torus
1553 2569 1789 2684 obmutescas.

125 2705 228 2782 Sunt
242 2727 333 2779 vero
351 2701 465 2780 ιιιιιίῗπι
526 2727 660 2807 graves
675 2705 713 2781 δι
726 2705 863 2806 multae,
878 2730 962 2805 quae
982 2729 1017 2782 te
1059 2711 1152 2784 otius
1171 2706 1217 2783 ad
1236 2705 1467 2783 scribendum
1489 2703 1662 2804 lacessant,
1678 2727 1790 2803 quam

126 2827 210 2904 me,
230 2803 293 2902 qui
305 2801 582 2902 excusatorem,
605 2795 877 2902 safreduentius
895 2805 1002 2880 eriam
1034 2805 1186 2883 cribenri
1206 2805 1342 2882 tardius
1365 2803 1430 2882 res
1447 2804 1614 2882 ondeam.
1689 2803 1789 2881 Nus·

157 2927 247 2979 nam
261 2925 299 2980 ru
315 2923 417 2979 certo
434 2899 520 3002 loco
534 2897 706 3002 confiilis,
717 2923 827 3001 atque
842 2927 889 2981 eo
944 2901 1093 2981 uorsum
1109 2927 1145 2983 re
1161 2905 1355 3009 impellunt
1372 2831 1637 3008 vefrepenrina
1653 2899 1788 2980 vota&

122 2931 320 3102 defracta,
335 3003 401 3078 ‘vel
424 2999 630 3080 occastones
653 3022 867 3107 temporum
881 2927 1115 3106 blacorum,
1136 3007 1262 3084 itinera
1275 3026 1338 3080 rua
1362 3003 1508 3110 dirigis3
1534 3027 1619 3089 cum
1634 3001 1695 3078 hic
1710 3025 1787 3106 ego

122 3099 423 3209 parriae,domui,
435 3103 512 3177 imo
530 3101 727 3206 parietibus
740 3100 868 3181 affixus
883 3105 921 3181 δι
939 3103 1052 3205 libris,
1065 3104 1271 3208 exspestare
1287 3101 1359 3180 sem
1391 3128 1430 3182 er
1442 3101 1587 3205 pofflm,
1600 3099 1700 3186 unde
1714 3123 1788 3178 moe

121 3201 182 3282 ad
199 3225 261 3278 me
275 3197 450 3278 advolent
461 3197 588 3278 literar.¹
632 3201 752 3305 Qud
767 3201 881 3280 fihoc
899 3203 965 3282 ribi
980 3205 1295 3282 contemnendum
1310 3208 1350 3281 vi
1378 3225 1471 3303 etur,
1487 3203 1621 3282 tantine
1635 3198 1734 3304 apud
1748 3221 1787 3278 te

121 3305 263 3409 patriae
275 3325 380 3378 amor
395 3299 497 3380 est&
513 3322 757 3403 cognatorum
773 3323 936 3401 tuorum,
952 3327 994 3380 ut
1011 3328 1142 3381 eorum
1155 3305 1331 3382 memoria
1346 3301 1412 3378 tibi
1425 3299 1638 3378 obversetur
1650 3301 1786 3402 animo,

121 3425 175 3482 ut
191 3425 315 3477 aurem
328 3399 490 3496 vellicer3
520 3399 568 3477 de
583 3400 714 3500 quibus
727 3401 899 3479 omnibus
914 3405 1050 3479 certior
1062 3401 1143 3479 fieri
1157 3429 1234 3480 non
1252 3399 1317 3478 nist
1337 3402 1449 3476 literis
1463 3401 1553 3478 meis
1567 3395 1703 3502 potes?
1731 3424 1787 3476 ae·

123 3499 271 3582 cedunt
285 3497 444 3600 denique
459 3523 521 3576 tua
534 3501 694 3606 negotia,
704 3525 787 3602 quae
803 3499 890 3577 fidei
906 3523 998 3578 meae
1012 3499 1291 3578 commendasti:
1317 3499 1364 3576 de
1379 3502 1424 3577 iis
1437 3522 1533 3577 cette
1545 3501 1736 3601 explorare
1750 3521 1788 3576 te

122 3599 323 3698 convenit,
345 3621 469 3676 utrum
485 3597 636 3675 feliciter
652 3621 836 3700 curentur,
862 3625 907 3676 an
929 3597 1073 3705 segnius
1097 3599 1348 3702 expediantur,
1369 3597 1396 3674 st
1418 3597 1613 3675 molestum
1637 3597 1704 3673 tibi
1722 3593 1785 3701 est,

123 3701 247 3782 novis
263 3721 470 3776 exterarum
489 3721 614 3774 rerum
632 3697 768 3779 deliciis
788 3701 951 3778 animum
970 3723 1093 3776 earum
1118 3697 1552 3876 cupidiffimumstpalcere.
1605 3695 1722 3802 Qrod
1737 3691 1787 3773 fa·

124 3824 219 3880 cere
232 3821 354 3876 tamen
368 3795 485 3876 solent
496 3799 613 3896 amici,
626 3820 698 3876 tam
713 3802 851 3908 exiguo
864 3822 962 3877 certe
979 3798 1103 3877 officio
1120 3825 1198 3876 non
1208 3797 1374 3878 difficiles
1402 3799 1510 3900 ururi,
1522 3821 1565 3876 ut
1580 3794 1788 3876 necessario·

124 3927 220 3978 rum
233 3901 307 3976 inte
374 3923 414 3974 m
432 3897 497 3974 libi
514 3899 705 3974 amicitiam
720 3899 943 3978 conservent.
993 3897 1087 3975 Illud
1102 3918 1257 3977 movere
1273 3917 1309 3976 t'e
1325 3923 1475 4000 quoque
1492 3919 1646 4000 poterat,
1655 3919 1723 3972 nos
1732 3899 1786 3973 rui
1913 3947 1916 3952 -

122 3997 282 4078 studiosa
324 4022 408 4075 mos
423 4019 500 4076 tuae
509 3995 628 4088 salutis
646 3997 858 4104 oausaangi,
877 4023 923 4076 ne
936 4021 973 4077 te
985 3996 1082 4078 forre
1096 4001 1223 4100 aliqua,
1236 4020 1278 4075 ut
1291 3997 1371 4076 fieri
1383 3997 1472 4077 solet
1485 4001 1523 4074 in
1534 3995 1785 4170 ἰιὶιιιιᾛιειί-

127 4100 217 4178 cula
233 4100 532 4197 circumveniant,
548 4119 609 4174 aut
621 4121 666 4173 ex
681 4097 928 4175 incommodis
945 4099 1028 4176 eceli
1047 4102 1235 4203 peregrini
1248 4099 1421 4176 valetudo
1441 4118 1502 4173 tua
1524 4091 1658 4192 aliquid
1700 4095 1783 4168 etri·

126 4201 250 4278 menti
262 4200 389 4302 capiar.
413 4198 500 4302 Qa
511 4217 553 4278 ut
564 4221 635 4275 nos
648 4195 885 4276 sollicitudine
901 4198 1030 4276 liberes
1056 4197 1289 4277 tibiomnino
1303 4196 1420 4274 danda
1440 4193 1490 4271 est
1503 4218 1625 4296 opera.
1653 4191 1782 4296 Qrare
1820 4267 1822 4272 .

125 4298 245 4376 finos
256 4297 553 4398 amrs„scribe,&
565 4297 616 4377 ira
626 4296 750 4397 scribe,
758 4319 801 4376 ut
812 4297 931 4376 literas
944 4324 964 4375 a
978 4321 1015 4375 te
1031 4259 1223 4378 labemus
1239 4321 1315 4374 non
1327 4298 1518 4396 jejunasse
1535 4291 1596 4370 stri
1624 4290 1784 4388 osas‚sed

128 4395 449 4506 frequentissimas,
465 4396 502 4472 δι
516 4419 639 4474 rerum
654 4419 837 4474 noverum
855 4396 1095 4499 plenillunas:
1129 4397 1260 4502 quasfi
1273 4419 1401 4498 preces
1421 4393 1558 4473 nostros
1606 4393 1783 4500 perstatis,
1839 4391 1853 4404 '

128 4501 242 4582 eo’am
256 4521 345 4580 cum
358 4497 529 4576 convicio
541 4519 614 4599 pto
625 4496 810 4598 juremoo
824 4496 863 4576 δι
878 4495 1139 4674 ιιιιιίΐὲιιιάἰιιε
1153 4495 1274 4576 nostra
1285 4491 1456 4599 efflagito.
1640 4587 1672 4669 E
1696 4589 1721 4668 d

1019 4619 1062 4675 ss
1090 4618 1110 4688 3
1675 4613 1782 4670 aem
