3908 5230
266 310 271 320 .
351 266 431 368 cap.
451 259 515 345 XI.
567 265 624 344 De
648 261 789 370 lingua
801 257 939 340 Latina
954 263 1147 346 timoribus
1158 266 1284 348 Aurea.
1301 265 1454 346 AEtatit.
1649 287 1721 374 843

47 462 100 516 ne
115 459 181 515 rer
191 433 256 513 iste
270 433 449 514 Comicus
462 435 583 512 lucem
596 435 703 536 vidit,
723 414 806 514 'non
820 435 937 514 solum
951 435 1135 516 luculento
1151 409 1644 544 Commentario'illuiiratus,
1659 441 1722 522 sed
1869 446 1871 458 '
1944 435 1945 460 ¹

48 541 90 616 dt
110 541 159 616 iis
178 535 392 640 fragmentis
405 535 540 634 auarus,
564 561 646 636 quae
664 535 897 638 edeperditis
905 535 1041 614 tabula
1053 563 1166 640 pauca
1180 539 1300 616 adhuc
1312 541 1469 619 vetustas
1479 544 1587 621 nobis
1607 543 1723 624 serva·

47 643 116 716 vit.
172 637 337 714 Secunda
350 637 462 714 editio
478 637 646 713 Francos.
670 643 773 714 1621.
787 641 826 714 in
846 662 880 733 4.
904 639 942 714 dt
957 641 1059 715 tertia
1074 639 1322 744 Wittebergae
1338 641 1487 744 prodiit.
1540 645 1722 726 Praeterea

46 735 299 817 Boxhotnius
315 737 443 844 Plauto
457 763 608 840 operam
624 736 816 840 impendit,
830 740 931 838 cujus
952 759 1052 814 notae
1073 763 1159 815 cunt
1174 743 1356 842 excerptis
1371 743 1560 843 variorum
1576 747 1723 849 prodie-

47 862 141 918 runt
158 841 217 916 Lu
247 839 281 913 d.
301 840 423 916 Batav.
450 843 555 936 16451
577 841 614 914 in
631 853 662 927 8.
688 838 810 914 Aliam
826 838 959 914 exinde
973 836 1076 915 de'dit
1095 841 1178 934 Joh.
1200 842 1231 920 F
1232 841 1340 916 ridet.
1360 843 1594 922 Gronovius.
1645 847 1723 924 Co·

44 865 423 1038 moedialdautiffluae
481 940 598 1015 ueroli
613 938 688 1014 stve
703 939 899 1014 Aulularia
913 937 1023 1016 habet
1035 940 1192 1040 titulum,
1209 941 1247 1018 dt
1257 939 1300 1016 ab
1311 941 1497 1018 Aulularia
1511 944 1607 1022 inter
1619 945 1721 1022 Plau-

46 1046 145 1120 tinas
161 1041 332 1118 omniurn
353 1040 483 1135 consen
502 1066 525 1114 u
541 1059 705 1140 receptas
723 1037 862 1116 diversa
891 1037 953 1138 est,
982 1042 1147 1140 primum
1171 1037 1222 1116 est
1247 1067 1269 1120 a
1293 1041 1405 1118 Petro
1431 1041 1586 1119 Daniele
1615 1045 1721 1146 edita,

47 1166 137 1219 cum
154 1143 267 1239 notia,
282 1165 301 1216 a
329 1141 380 1216 ud
401 1139 496 1216 Rob.
514 1141 574 1216 Ste
603 1140 739 1214 itanum
754 1139 859 1216 Parii
884 1151 988 1238 1564
1006 1139 1162 1218 eandem
1187 1139 1440 1244 postmodum,
1461 1141 1508 1218 ad
1523 1143 1724 1223 Camerarii

46 1242 227 1321 codicem
244 1167 426 1341 collatam,
450 1245 488 1315 in
502 1163 626 1316 verdae
650 1238 687 1315 di
717 1239 837 1340 ellam,
858 1241 898 1318 dr
920 1261 1097 1342 praeterea
1123 1243 1282 1345 elegiaco
1299 1244 1428 1320 Vitalis
1458 1241 1591 1319 Gallici
1616 1268 1723 1323 novo

44 1346 218 1423 carmine
231 1365 277 1417 ex
307 1341 443 1440 reliam,
460 1359 545 1417 cum
560 1341 675 1418 Notis
688 1265 729 1415 ᾗ.
748 1339 919 1442 Danielis,
929 1340 1045 1417 Conr.
1055 1339 1284 1426 Rittershusri
1298 1343 1335 1418 dt
1354 1331 1432 1438 lani
1449 1343 1614 1445 Gnateti,
1631 1345 1722 1423 Hei-

46 1369 314 1548 delbergenlds
335 1441 561 1520 Commelini
586 1467 653 1535 159
661 1468 690 1540 5.
716 1465 757 1515 re
787 1443 942 1535 etivere3
970 1441 1008 1518 dt
1034 1439 1180 1518 tandem
1203 1442 1296 1516 Phil.
1319 1441 1451 1520 Parcus
1473 1437 1638 1522 secundae
1670 1443 1724 1524 sui

42 1543 173 1636 ,Plauti
194 1543 348 1619 editioni
364 1545 480 1644 Spirae
499 1549 609 1644 1619.
626 1545 664 1618 in
677 1565 712 1636 4.
737 1467 835 1618 illam
851 1541 1001 1633 addidit.
1076 1541 1281 1618 Enimvero
1297 1543 1378 1620 satis
1394 1541 1544 1646 constat,
1561 1541 1723 1622 fabulam

46 1646 149 1721 illam
173 1643 223 1718 ad
246 1642 447 1718 Plautinum
466 1663 612 1720 aetatem
633 1643 734 1720 nullo
755 1642 879 1719 modo'
901 1639 1098 1742 quadrare:
1116 1711 1122 1732 ,
1138 1641 1176 1718 ἃ
1192 1642 1373 1720 videndus
1394 1643 1440 1721 de
1460 1647 1518 1724 illa
1548 1643 1719 1734 Barthiua

46 1745 108 1820 lib..
118 1745 236 1816 xttt'.
250 1744 418 1844 Adaerfltr.
433 1773 457 1816 a.
480 1769 524 1837 15.
549 1743 613 1842 qui
629 1743 797 1820 Plautum
815 1742 1001 1840 equidem,
1028 1739 1089 1816 sed
1110 1741 1228 1818 multo
1247 1743 1445 1844 juniorem,
1467 1745 1559 1820 illius
1581 1745 1722 1826 Austo-

45 1869 130 1922 rem
147 1844 245 1940 facit.
295 1843 532 1942 Punicorum,
550 1866 633 1940 quar
651 1843 689 1916 in
702 1842 858 1919 Poenulo
874 1843 1042 1920 Plautino
1064 1841 1156 1940 sunt,
1172 1845 1452 1944 explicationem
1472 1846 1614 1947 primus
1643 1869 1720 1922 ten·

46 1943 339 2046 nvitJosephus
360 1944 520 2046 Scaliger
535 1943 573 2016 in
586 1941 686 2018 libris
697 1939 748 2018 de
762 1940 1298 2043 EmendationelTemporum,
1317 1967 1387 2042 qua
1401 1945 1447 2019 de
1463 1947 1529 2021 rei
1553 1944 1591 2044 xse
1613 1947 1721 2024 etiam
1817 2019 1821 2050 ,

45 2048 86 2122 in
112 2047 223 2122 Exce
272 2045 317 2119 tis
339 2043 587 2128 Puteanorum
612 2042 808 2144 gloriatur:
833 2039 919 2143 post
938 2043 1042 2118 illurn
1067 2043 1224 2119 Grotius
1251 2045 1289 2116 in
1313 1971 1555 2144 Epistolistad
1575 2045 1719 2148 Gallos,

44 2151 102 2250 Ep.
120 2173 188 2241 113.
216 2171 246 2240 a¹
280 2141 501 2241 Salmalium,
521 2143 740 2240 aliqua.ejus
754 2142 948 2218 comoediae
974 2140 1025 2217 est
1045 2146 1323 2244 interpretatus:
1351 2143 1397 2218 de
1419 2147 1547 2224 ceteris
1567 2143 1717 2222 Punica-

45 2273 135 2322 rum
150 2237 828 2344 reliquiarumintetpretibtts,Thoma
841 2239 1021 2341 Reinesto,
1036 2243 1131 2317 Sam.
1148 2241 1283 2342 Petito,
1302 2243 1395 2318 Sam.
1408 2245 1613 2342 Bocharto,
1632 2245 1717 2340 J0h.

46 2345 315 2446 Clericofitpra
336 2371 362 2414 c.
381 2347 416 2414 V.
438 2342 606 2419 diximus.
682 2340 932 2422 Novilltmam
950 2342 1069 2421 Plauti
1086 2340 1304 2442 editionem,
1329 2345 1368 2418 in
1389 2343 1569 2446 Delphini
1589 2345 1718 2430 [1anae
1797 2343 1835 2382 ’·

44 2447 171 2545 usum,
188 2443 508 2538 adornavithrais.
530 2451 634 2536 1⁶79·
655 2445 695 2516 in
710 2467 744 2538 4.
765 2441 839 2534 Jac.
855 2441 1072 2541 Operarius.
1144 2441 1240 2518 Non
1261 2465 1382 2520 autem
1404 2443 1465 2520 hic
1485 2442 1719 2524 diffitendum
1772 2460 1777 2470 ‘

48 2545 315 2646 existimamus,
331 2537 543 2620 Au'dlorum
557 2543 718 2634 illorum,
734 2561 923 2638 quotquot
940 2564 980 2614 ea
997 2544 1138 2616 ratione
1156 2543 1196 2614 in
1217 2542 1331 2616 Gallia
1355 2543 1540 2643 prodiere,
1562 2569 1718 2648 perpau-

48 2675 115 2727 cos
132 2645 219 2744 elle,
241 2669 403 2745 quorum
418 2641 531 2718 editio
547 2644 641 2716 novi
658 2639 749 2738 quid
759 2637 1026 2735 lecumafferat,
1047 2640 1170 2715 aliisve
1189 2639 1356 2740 preferri
1375 2663 1567 2743 tantopere
1584 2669 1719 2722 merea·

51 2771 123 2851 tur,
137 2745 210 2824 nist
230 2745 334 2845 quod
355 2741 571 2846 magnificus
591 2742 699 2842 plane
718 2759 833 2836 atque
857 2737 1161 2839 splendidillimus
1185 2761 1367 2838 typorum
1386 2740 1593 2846 chartaeque
1619 2747 1720 2822 nitor

52 2851 215 2954 gloriam
229 2849 342 2950 Regis
356 2843 529 2946 indicant,
543 2842 674 2916 harum
687 2840 794 2914 etiam
810 2861 935 2914 rerum
952 2861 1075 2916 curam
1098 2841 1271 2940 gerentis.
1346 2839 1400 2918 Ea
1422 2865 1515 2918 vero
1535 2841 1717 2922 methodo

52 2949 218 3032 editores
235 2945 290 3022 isti
303 2966 468 3041 utuntur,
478 2963 519 3018 ut
532 2939 873 3042 interpretationem
886 2937 946 3014 seu
959 2935 1194 3042 paraphraliu
1211 2939 1379 3033 Latinam
1395 2939 1570 3018 Austoris
1591 2944 1717 3044 primo

53 3053 294 3152 praemittant,
310 3044 443 3122 deinde
460 3065 563 3118 notas
576 3041 740 3139 adjiciant
756 3063 911 3138 veteres,
928 3035 956 3114 fi
979 3060 1086 3116 vetus
1107 3039 1234 3137 aliquis
1257 3035 1542 3132 Commentator
1564 3046 1720 3146 reperia-

54 3173 130 3248 tut3
143 3147 255 3230 secus
271 3149 427 3232 aliorum
440 3140 650 3223 auctorum
665 3165 685 3220 e
699 3138 863 3218 fontibus
877 3139 1078 3241 decerptas,
1094 3141 1198 3217 itaut
1216 3165 1294 3216 non
1310 3144 1451 3245 integra
1468 3143 1616 3220 illorum
1636 3169 1717 3222 ver·

55 3251 98 3327 ba
113 3255 354 3344 retineantur,
375 3243 478 3341 quod
492 3245 532 3318 in
546 3241 689 3318 Batavis
703 3243 892 3316 variorum
910 3239 1131 3316 editionibus
1150 3237 1202 3336 fit,
1219 3237 1278 3312 sed
1294 3239 1368 3315 aliis
1389 3241 1598 3320 reddantur.
1661 3246 1717 3322 ln-

55 3350 126 3428 dex
143 3349 333 3451 subjicitur
349 3345 504 3448 plenior,
519 3343 565 3418 ad
583 3341 788 3419 verborum
808 3337 1024 3420 stntciuram
1041 3337 1081 3416 dt
1105 3339 1150 3416 ad
1170 3335 1319 3450 phtalin
1340 3343 1651 3449 accommodatus,
1675 3367 1717 3426 ur
1867 3399 1870 3406 Δ

55 3451 192 3530 Latinae
227 3450 366 3551 linguae
380 3442 485 3524 simul
500 3445 593 3522 ratio
615 3439 743 3538 habeti
761 3437 882 3550 poffit.
1789 3449 1792 3452 ’

154 3651 247 3730 Post
273 3647 440 3724 Plautum
461 3643 639 3725 Comicus
656 3649 745 3728 alter
762 3642 981 3722 in-scenam’
1012 3643 1139 3722 rodear
1160 3641 1531 3747 TE'RENTIUS,
1548 3668 1575 3723 o
1606 3647 1714 3726 timus
1731 3647 1756 3718 6

59 3755 191 3859 linguae
209 3751 349 3830 Latinae
362 3746 518 3846 Austor,
532 3771 644 3845 quem
667 3747 880 3824 Gxortus
902 3748 966 3843 qui
993 3770 1052 3822 em
1075 3748 1164 3823 tanti
1192 3745 1356 3845 faciebat,
1370 3766 1411 3821 ut
1432 3744 1552 3822 secum
1574 3673 1717 3850 ldmper
1843 3794 1857 3813 -·

60 3853 186 3932 ferret:
215 3881 259 3930 ac
273 3869 473 3953 propterea
489 3849 694 3948 increpatus
713 3848 844 3926 aViro
865 3844 1028 3944 quodam
1048 3847 1213 3948 politico,
1235 3843 1447 3948 respondite
1463 3850 1524 3918 alia
1547 3858 1580 3919 t'n
1603 3851 1651 3920 illa
1673 3853 1717 3920 le-

57 3983 130 4054 gere
142 3980 271 4058 pueros,
286 3954 348 4023 alia
362 3957 459 4022 viros.
535 3949 673 4051 Magna
680 3951 779 4024 enim
793 3949 835 4021 in
856 3949 934 4045 ejus
948 3944 1075 4024 fabulis
1091 3947 1207 4022 elucet
1220 3969 1370 4021 morum
1386 3943 1646 4046 adilonutnque
1671 3951 1718 4023 ci-

63 4056 188 4132 vilium
206 4049 404 4148 diverl'ttaS,
429 4047 466 4124 dc
486 4047 637 4148 quidam
652 4048 750 4148 quali
773 4044 968 4122 chastelet.
1045 4045 1175 4124 Plauto
1188 4046 1301 4150 longe
1312 4043 1627 4145 superiotjudicio
1651 4046 1719 4124 est:

67 4153 218 4232 &tedia
241 4151 395 4230 omnino
423 4150 677 4251 pronuntiavit
698 4150 736 4224 in
757 4145 929 4250 Epistolis
954 4145 1124 4240 Exasuus
1147 4171 1231 4262 pag.
1246 4170 1350 4238 1700.
1373 4147 1411 4218 in
1433 4171 1504 4226 una
1519 4144 1717 4238 Commdia

67 4252 283 4334 Terentiana
302 4252 385 4356 plus
397 4249 527 4352 judicii
541 4246 621 4348 effe,
637 4273 746 4346 quam
761 4251 800 4324 in
820 4245 991 4324 omnibus
1004 4245 1193 4324 Plautinis:
1217 4243 1393 4344 quicquid
1407 4247 1514 4325 etiam
1536 4247 1716 4324 contradi-

68 4377 119 4432 cat
135 4357 370 4452 santonus,
385 4353 449 4450 qui
461 4347 568 4447 aliud,
583 4372 660 4424 non
674 4373 695 4424 e
707 4348 854 4453 singulis
862 4367 1002 4424 tantum
1016 4345 1144 4423 fabulis
1152 4343 1213 4424 sed
1229 4347 1267 4421 ὅ(
1281 4369 1302 4421 e
1316 4343 1533 4443 ,fabellarum
1553 4351 1718 4452 pagellis,

67 4479 185 4556 patere
198 4455 285 4533 falso
299 4449 483 4555 persuasus
501 4447 563 4548 est,
580 4453 663 4524 Stat.
682 4451 866 4539 Mercurial
882 4453 916 4522 P.
926 4453 967 4519 11.
992 4447 1072 4522 Seii.
1080 4453 1122 4520 11.
1139 4475 1165 4518 c.
1174 4471 1205 4538 3.
1221 4469 1253 4548 p.
1261 4471 1303 4536 91.
1378 4445 1481 4518 Idem
1501 4467 1621 4524 tamen
1638 4477 1666 4527 c.
1681 4475 1715 4545 4.

72 4557 106 4636 in
117 4558 237 4640 laudes
250 4553 419 4634 Terentii
433 4573 511 4634 uon
523 4575 667 4653 parcus,
688 4574 772 4629 eum
791 4548 1100 4728 aOJoiScaligero
1119 4547 1202 4626 sene
1225 4545 1366 4650 semper
1379 4545 1527 4658 lelium,
1544 4547 1715 4730 &gapqln

858 4673 917 4728 oo
938 4673 1000 4728 oo
1027 4673 1050 4732 2
1647 4675 1717 4730 eto
