3910 5234
580 99 664 266 ¹Cap.
681 164 717 246 1,,
735 164 791 246 De
810 161 961 272 linguis
979 160 1024 238 ἔθ’
1042 161 1237 288 Scriptura.
1344 190 1349 202 ·
1417 143 1422 162 ’
1540 236 1547 245 .
1652 192 1726 268 7ῐ9
1793 110 1796 120 Ι

80 329 258 408 Societatis
274 321 412 438 Regia,
437 329 611 408 thutu
635 332 807 435 Homer,
835 342 933 421 1669.
949 337 988 412 in
1000 349 1030 421 8.
1040 336 1076 411 in
1085 333 1272 414 librumde
1281 331 1632 434 elementisloquelae
1642 359 1723 410 ver·
1794 331 1800 336 ’

80 431 200 507 naculo
216 429 386 506 idiomate
400 431 559 533 lonclipi
573 433 787 533 publicavit:
813 437 968 532 Elemcttts
982 437 1022 530 os
1030 439 1143 536 Spcech
1153 465 1167 507 .-
1191 463 1229 508 or
1241 463 1283 508 ‘aa
1298 435 1373 536 effay
1387 439 1428 532 cs
1442 445 1573 537 enquny
1587 445 1653 508 litto
1669 435 1723 508 tlte

80 535 201 603 tratural
211 529 397 632 prodictiiott
411 535 453 627 os
460 535 582 622 lettres,
596 557 673 630 quo
691 537 728 608 in
742 533 837 608 libro
857 533 1013 635 pluscula
1028 535 1163 612 notasse
1175 536 1268 610 milti
1282 536 1413 610 videor
1427 537 1486 611 vel
1501 561 1520 610 e
1537 536 1726 624 Montano

80 629 258 731 descripta,
268 630 333 714 ,vel
349 651 445 704 certe
471 631 655 730 ἑμέψηφοι.
705 633 809 806 (Ψ
836 636 873 708 in
888 634 982 710 libro
997 634 1044 710 de
1055 635 1157 712 Ortu
1171 633 1364 710 Sermonio
1376 639 1493 738 egerit
1509 639 1650 706 Maricas
1666 641 1723 706 Ca·

72 729 229 829 strabonus,
244 732 391 832 ignora,
413 757 497 809 cum
517 757 705 830 nunquam
722 734 748 806 li
774 757 856 808 nnn
882 757 978 832 eum,
1008 757 1285 832 quantacunque
1309 732 1494 836 diligentia
1518 732 1721 832 quesitum,

79 829 197 934 videre
211 831 360 905 licuerit.
412 829 548 929 Neque
563 831 703 934 prodiit
717 857 890 932 unquam,
914 855 1088 930 quantum
1102 834 1186 934 scio,
1215 837 1330 934 AEgt‘dii
1343 837 1484 934 Menag‘ii
1500 833 1545 908 de
1567 834 1720 934 Linguis

78 928 160 1004 liber
173 929 403 1033 generalis&
422 931 581 1032 amplus:
607 943 716 1030 quem
742 933 780 1006 in
799 930 1021 1032 praefatione
1045 933 1186 1010 suatum
1212 933 1414 1036 Originum
1431 933 1524 1006 Gall.
1541 931 1720 1032 promilit.

78 1031 164 1102 Non
179 1053 392 1130 paucavero
409 1029 989 1132 hucfpeclantiahauriripoilunt
1013 1055 1033 1108 e
1056 1033 1190 1108 Baete.
1217 1031 1541 1128 Marcructtor,
1569 1032 1640 1105 viri
1657 1030 1720 1106 do-

79 1125 222 1228 llillnni,
240 1129 414 1202 dedatur-a
429 1126 472 1204 ὓ)
494 1129 555 1232 Ufit
578 1137 758 1204 literarum
780 1132 931 1218 tributu,
949 1130 1162 1212 Monasterii
1179 1143 1223 1216 1'6
1228 1149 1283 1227 38.
1300 1135 1339 1208 in
1355 1156 1389 1228 4.
1410 1131 1532 1208 edito:
1556 1149 1623 1206 nec
1642 1153 1720 1206 non

80 1252 97 1302 e
122 1228 259 1304 Gonu.
284 1229 378 1323 Jox.
403 1231 565 1308 Vosstr
588 1231 627 1302 dc
650 1228 1043 1306 artior-mamaticalt'bd.
1629 1231 1643 1280 -'

179 1429 238 1506 Ex
254 1451 416 1506 accurata
431 1427 538 1503 illlrac
553 1427 809 1508 observatione
822 1451 946 1508 motus
962 1453 1189 1538 organontm
1204 1427 1340 1508 fastum
1354 1429 1415 1530 ell,
1430 1453 1471 1508 ut
1484 1432 1590 1506 certis
1615 1455 1722 1508 reott-
1799 1430 1801 1438 ’

78 1529 115 1606 lis
130 1555 148 1606 a
161 1531 345 1606 monacho
361 1527 522 1627 quodam
541 1529 718 1630 Hispano,
742 1531 895 1606 Porro
923 1532 1115 1632 Pourro,
1141 1555 1197 1608 ars
1216 1529 1475 1633 comprehensa
1489 1531 1543 1630 stt,
1562 1555 1632 1628 qua
1649 1499 1720 1606 litt·
1744 1563 1748 1566 ·

79 1630 159 1706 dum
176 1655 273 1729 natu,
290 1630 427 1706 &hine
441 1651 596 1726 mutum,
617 1633 722 1706 etiam
743 1629 821 1706 solo
842 1630 918 1708 uisu
931 1631 1114 1708 mediante
1133 1656 1296 1730 eousque
1311 1631 1455 1710 tandem
1472 1630 1661 1732 produxit,
1681 1652 1721 1706 ut
1761 1657 1763 1660 ·

81 1729 337 1833 &loqueretur
356 1729 443 1830 ipse,
461 1729 498 1804 dc
518 1729 561 1804 ab
577 1731 651 1814 aliis
676 1732 895 1828 quacunque
911 1732 960 1806 litt
990 1757 1034 1808 tta
1054 1735 1192 1834 prolata
1210 1735 1359 1806 recitare
1379 1733 1543 1834 potuerit
1563 1755 1603 1805 ac
1618 1730 1719 1806 intel·

80 1830 194 1932 ligere,
213 1829 348 1918 etiamst
364 1831 557 1932 linguaex
571 1829 832 1908 informatione
849 1825 913 1904 libi
934 1757 1049 1906 solum
1074 1833 1220 1936 cognita
1243 1832 1498 1927 loquerentur:
1525 1853 1595 1926 qua
1617 1828 1664 1902 cle
1681 1853 1720 1902 re
1799 1921 1802 1924 Ι

81 1954 155 2004 cum
166 1931 238 2030 japr
254 1927 305 2004 ul.
321 1932 493 2002 arcthodico
509 1955 565 2020 cp.
580 1931 724 2030 prolixe
744 1927 822 2004 fiatis
836 1933 1029 2034 egerimus,
1045 1957 1121 2006 non
1137 1927 1197 2028 est,
1214 1956 1279 2005 cur
1294 1934 1352 2005 hic
1367 1931 1489 2005 denuo
1507 1929 1628 2006 adium
1639 1953 1719 2030 aga·

81 2055 164 2105 rnus.
212 2029 255 2104 Id
273 2032 391 2104 tamen
414 2027 600 2105 addimus:
620 2031 778 2113 Enranruli
792 2035 970 2104 Rrrmrert'o
983 2034 1021 2104 de
1033 2039 1174 2114 Carrion,
1191 2031 1237 2105 de
1256 2027 1551 2131 qtioperttrrbnte
1564 2027 1719 2104 nonnul·

79 2129 106 2204 la
120 2128 267 2230 posuille
284 2130 368 2209 Nic.
383 2130 590 2228 Antonium
612 2131 863 2228 monebamus,
881 2155 958 2206 non
972 2130 1173 2208 Velascium
1200 2129 1346 2206 Fraxini
1361 2130 1638 2226 Marchionem,
1659 2124 1720 2202 sed

80 2229 179 2326 alium
194 2253 315 2308 tamen
340 2227 511 2304 illustrem
541 2227 757 2330 discipulum·
781 2228 962 2332 obtigille;
989 2233 1163 2306 nimirum
1188 2255 1209 2304 e
1234 2229 1482 2306 Sabaudorum
1505 2229 1625 2304 Princi
1655 2250 1719 2300 um

79 2323 255 2433 stemmate
273 2329 507 2418 Etnanuelem
525 2329 784 2428 philibertum,
810 2329 1007 2432 Catignani
1023 2330 1180 2429 Ducem,
1206 2333 1271 2428 qui
1286 2253 1654 2430 hodiequesuperell,
1681 2324 1720 2400 ἃ

79 2431 184 2507 trium
215 2453 419 2530 quatuorve
448 2431 654 2531 linguarum
691 2433 871 2531 peritiam,
904 2429 1099 2514 Carrionio
1124 2429 1498 2527 manuducente,eam
1518 2426 1653 2524 nauus,
1678 2445 1718 2498 ut
1773 2471 1781 2490 ι

82 2534 237 2626 quamvis
257 2555 335 2604 non
350 2531 540 2626 loquatur:
565 2530 637 2606 hoc
653 2534 751 2603 enim
765 2527 885 2602 deest:
908 2528 1035 2604 scribat
1050 2527 1335 2630 tamenpromte
1351 2523 1395 2603 ‘dt
1416 2530 1602 2628 intelligat.
1652 2525 1721 2598 Re·

81 2624 266 2706 centillima'
279 2631 446 2704 omnium
464 2632 548 2704 artis
562 2629 668 2728 liujus
685 2627 853 2726 exempla
873 2627 965 2722 sunt,
987 2651 1070 2724 quae
1091 2627 1189 2726 apud
1204 2628 1333 2726 Belgas
1349 2628 1512 2726 impigro
1528 2625 1650 2710 labore
1658 2623 1721 2696 luo
1782 2695 1786 2700 ,

80 2726 168 2822 ·Jon.
188 2731 338 2806 Coun.
364 2730 582 2826 Aunruu,
604 2725 781 2827 Scaphusa
796 2727 1000 2821 Helvetios,
1015 2725 1116 2798 Med.
1135 2723 1179 2800 D.
1198 2724 1310 2800 dedit.
1363 2724 1518 2819 Aliquot
1541 2724 1639 2796 enim
1662 2721 1739 2794 illev

83 2826 193 2908 surdas
208 2832 313 2927 loqui
327 2828 485 2926 edocuit,
501 2829 538 2904 dt
556 2825 681 2902 testem
701 2829 775 2924 ejus
801 2827 853 2900 rei
869 2825 1008 2898 Surdum
1029 2830 1229 2926 loquentiam,
1254 2821 1457 2918 Amstelod.
1480 2833 1578 2912 1692.
1630 2819 1722 2894 lati·

83 2954 128 3006 no
148 2929 319 3006 idiomate
334 2928 483 3025 editum,
525 2927 636 3002 Petro
653 2923 828 3022 Kolardo,
868 2925 968 3023 cujus
984 2922 1099 2998 filium
1115 2926 1163 3002 ita
1179 2921 1452 3019 informaverat,
1479 2920 1720 3020 nuncupavit:

85 3031 239 3126 quinimo
255 3051 329 3106 tam
346 3049 479 3107 certam
496 3027 529 3102 se
545 3023 735 3104 reddidisse
757 3023 852 3100 suam
869 3047 984 3101 artem
1004 3021 1216 3122 confidit,ut
1231 3027 1269 3100 in
1293 3019 1441 3124 epistola
1460 3019 1724 3120 nuncupatoria

84 3132 293 3228 promittere
310 3125 415 3204 aulit:
438 3130 578 3200 Surdum
591 3130 743 3222 nonsart,
756 3126 846 3196 modo
854 3125 935 3235 firna
952 3127 1006 3226 ipst
1018 3151 1103 3198 mens
1119 3126 1239 3222 conflet,
1255 3151 1313 3194 nec
1324 3127 1427 3222 lingm
1436 3124 1479 3219 fit
1497 3120 1723 3222 impediremur

84 3249 147 3300 atas
162 3231 344 3324 itmttqtutu,
394 3229 471 3326 nise
484 3248 680 3330 preceptore,
695 3224 935 3327 bimqlrt'Jpatio
962 3251 1022 3296 non
1038 3226 1228 3326 expeditefit
1241 3227 1412 3298 locuturus.
1464 3221 1630 3323 Qoque
1653 3243 1724 3294 ma·

83 3329 132 3428 gis
172 3331 335 3431 ropriam
353 3353 371 3402 e
401 3353 420 3401 e
437 3328 635 3402 Ammanni
650 3349 727 3400 eam
742 3323 962 3399 methodum
980 3323 1162 3424 agnoscat,
1188 3321 1305 3397 saniie
1322 3317 1467 3396 testatur
1489 3325 1527 3394 in
1543 3317 1725 3420 praelatio·

85 3453 136 3524 ne,
146 3357 222 3528 libi,
240 3445 434 3525 antequam
451 3426 524 3528 ipse
540 3428 766 3528 excogitarit,
779 3447 825 3500 ne
844 3421 1038 3528 vestigium
1052 3422 1135 3519 ejus·
1146 3421 1243 3522 apud
1259 3422 1374 3496 ullum
1388 3420 1576 3496 auilorem
1601 3442 1726 3496 occur-

86 3525 163 3604 ruse.
214 3529 403 3623 Ceterum,
423 3552 506 3602 cnm
522 3525 598 3600 solo
613 3524 690 3600 viiii
709 3523 820 3600 verba
833 3521 1064 3621 loquentium
1082 3519 1178 3595 surdi
1192 3519 1442 3619 alliquaarut,
1475 3517 1529 3616 fit,
1560 3539 1604 3594 ut
1619 3519 1726 3592 etiam

84 3646 170 3702 tuce
191 3632 349 3722 maxime
362 3624 524 3701 submilla
539 3627 743 3724 loquentes,
755 3624 815 3700 vel
834 3626 957 3725 potius
972 3617 1146 3698 libilantes
1162 3621 1387 3726 intelligant:
1413 3619 1517 3720 quod
1533 3618 1632 3694 idem
1649 3615 1725 3692 Au·

88 3722 158 3802 {lor
172 3729 218 3804 de
231 3729 300 3806 suis
314 3723 495 3826 discipulis
516 3723 668 3802 testatur.

173 3871 320 3966 lithaec
338 3869 487 3970 quidem
503 3872 620 3971 prima
635 3867 966 3972 exprimendorum
994 3888 1240 3970 conceptuum
1261 3855 1472 3944 nostrorum
1494 3865 1651 3954 maxime
1667 3885 1725 3938 na·
1743 3875 1779 3966 7'
1822 3863 1845 3882 ⁴

87 3969 198 4047 ruralis
210 3975 269 4047 via
284 3967 345 4070 est,
373 3996 455 4068 qua:
470 3995 536 4072 pet·
550 3971 712 4072 linguam
737 3969 790 4047 fit.
840 3968 903 4051 Est
921 3969 970 4067 ἃ,
995 3994 1078 4066 quae
1092 3989 1183 4044 nutu
1202 3967 1382 4072 digitilue,
1405 3989 1515 4065 quarn
1529 3965 1727 4038 amantium

88 4065 147 4140 elle
167 4070 327 4174 linguam
347 4067 520 4168 Ovidius,
534 4067 902 4172 amorummagiller,
917 4067 1039 4166 docet,
1055 4065 1259 4146 instituitur.
1309 4066 1398 4165 Ejus
1429 4087 1543 4140 artem
1569 4062 1727 4159 aliquam

87 4165 224 4246 tradidit
240 4172 385 4274 Anglus
400 4169 561 4270 quidam,
582 4169 679 4264 Jott.
702 4169 909 4268 Burwaa,
934 4193 954 4243 e
980 4195 1056 4268 quo
1074 4190 1246 4270 excerpta
1278 4164 1451 4242 nonnulla
1485 4159 1584 4263 apud
1612 4160 1727 4238 Hats-

88 4260 290 4354 darfferun
302 4277 338 4354 iu
354 4273 469 4369 salutat
480 4266 858 4393 dtintddlnitlunuint
876 4269 1042 4367 otutldun
1053 4267 1255 4388 &actitatio
1270 4266 1437 4367 reperias.

159 4460 161 4466 ι
178 4419 310 4524 Longe
328 4444 421 4499 vero
436 4417 606 4499 illustrior
620 4417 681 4522 est,
696 4419 890 4520 aptiorque
905 4415 963 4495 sua
979 4417 1138 4520 cogitatu
1155 4413 1230 4492 aliis
1252 4409 1551 4497 ‚communicandi
1577 4405 1726 4507 modus,
1744 4429 1766 4510 3

410 4536 423 4551 ,
1666 4533 1728 4612 „r

760 4787 777 4818 χ
