<?xml version="1.0" encoding="UTF-8"?>
<!DOCTYPE html PUBLIC "-//W3C//DTD XHTML 1.0 Transitional//EN"
    "http://www.w3.org/TR/xhtml1/DTD/xhtml1-transitional.dtd">
<html xmlns="http://www.w3.org/1999/xhtml" xml:lang="en" lang="en">
 <head>
  <title>
</title>
<meta http-equiv="Content-Type" content="text/html;charset=utf-8" />
  <meta name='ocr-system' content='tesseract 3.04.00' />
  <meta name='ocr-capabilities' content='ocr_page ocr_carea ocr_par ocr_line ocrx_word'/>
</head>
<body>
  <div class='ocr_page' id='page_1' title='image "./polyhistorliter00fabrgoog/polyhistorliter00fabrgoog_0692.png"; bbox 0 0 3948 5234; ppageno 0'>
   <div class='ocr_carea' id='block_1_1' title="bbox 459 207 1775 380">
    <p class='ocr_par' dir='ltr' id='par_1_1' title="bbox 459 207 1775 380">
     <span class='ocr_line' id='line_1_1' title="bbox 459 207 1775 380; baseline 0.026 -36"><span class='ocrx_word' id='word_1_1' title='bbox 459 207 464 230; x_wconf 39' lang='lat'>¹</span> <span class='ocrx_word' id='word_1_2' title='bbox 585 271 667 376; x_wconf 83' lang='lat' dir='ltr'>Cap.</span> <span class='ocrx_word' id='word_1_3' title='bbox 691 267 735 351; x_wconf 69' lang='grc' dir='ltr'><strong>Χ</strong></span> <span class='ocrx_word' id='word_1_4' title='bbox 761 269 821 350; x_wconf 85' lang='lat' dir='ltr'>De</span> <span class='ocrx_word' id='word_1_5' title='bbox 838 267 1024 377; x_wconf 59' lang='lat' dir='ltr'>Ettnpris</span> <span class='ocrx_word' id='word_1_6' title='bbox 1037 257 1204 380; x_wconf 72' lang='lat' dir='ltr'>Pollicir.</span> <span class='ocrx_word' id='word_1_7' title='bbox 1472 255 1481 263; x_wconf 35' lang='lat'><em>⁶</em></span> <span class='ocrx_word' id='word_1_8' title='bbox 1520 281 1525 286; x_wconf 60' lang='grc'><strong>’</strong></span> <span class='ocrx_word' id='word_1_9' title='bbox 1647 291 1720 376; x_wconf 78' lang='lat'>⁶29</span> <span class='ocrx_word' id='word_1_10' title='bbox 1766 225 1775 314; x_wconf 15' lang='lat'>‘¹</span> 
     </span>
    </p>
   </div>
   <div class='ocr_carea' id='block_1_2' title="bbox 14 441 1946 1117">
    <p class='ocr_par' dir='ltr' id='par_1_2' title="bbox 77 441 1946 846">
     <span class='ocr_line' id='line_1_2' title="bbox 81 441 1808 550; baseline -0.002 -26"><span class='ocrx_word' id='word_1_11' title='bbox 81 449 255 524; x_wconf 80' lang='lat' dir='ltr'>oranones</span> <span class='ocrx_word' id='word_1_12' title='bbox 275 443 416 542; x_wconf 88' lang='lat' dir='ltr'>scilicet,</span> <span class='ocrx_word' id='word_1_13' title='bbox 441 467 524 542; x_wconf 82' lang='lat' dir='ltr'>quae</span> <span class='ocrx_word' id='word_1_14' title='bbox 542 441 639 544; x_wconf 86' lang='lat' dir='ltr'>apud</span> <span class='ocrx_word' id='word_1_15' title='bbox 655 443 785 543; x_wconf 76' lang='lat' dir='ltr'>Poetas</span> <span class='ocrx_word' id='word_1_16' title='bbox 806 465 1015 544; x_wconf 85' lang='lat' dir='ltr'>occurrunt,</span> <span class='ocrx_word' id='word_1_17' title='bbox 1036 465 1079 520; x_wconf 92' lang='lat' dir='ltr'>ut</span> <span class='ocrx_word' id='word_1_18' title='bbox 1093 443 1250 522; x_wconf 85' lang='lat' dir='ltr'>Didonis</span> <span class='ocrx_word' id='word_1_19' title='bbox 1271 448 1461 522; x_wconf 67' lang='lat' dir='ltr'>moritura</span> <span class='ocrx_word' id='word_1_20' title='bbox 1477 441 1576 547; x_wconf 90' lang='lat' dir='ltr'>apud</span> <span class='ocrx_word' id='word_1_21' title='bbox 1596 445 1717 550; x_wconf 86' lang='lat' dir='ltr'>Virgi-</span> <span class='ocrx_word' id='word_1_22' title='bbox 1806 522 1808 530; x_wconf 19' lang='lat' dir='ltr'><strong><em>J</em></strong></span> 
     </span>
     <span class='ocr_line' id='line_1_3' title="bbox 79 538 1783 648; baseline -0.001 -27"><span class='ocrx_word' id='word_1_23' title='bbox 79 550 161 621; x_wconf 91' lang='lat' dir='ltr'>lium</span> <span class='ocrx_word' id='word_1_24' title='bbox 177 547 213 621; x_wconf 81' lang='grc' dir='ltr'>δι</span> <span class='ocrx_word' id='word_1_25' title='bbox 233 538 362 620; x_wconf 77' lang='lat' dir='ltr'>fir&#39;niles</span> <span class='ocrx_word' id='word_1_26' title='bbox 378 542 450 618; x_wconf 89' lang='lat' dir='ltr'>huc</span> <span class='ocrx_word' id='word_1_27' title='bbox 467 545 661 644; x_wconf 83' lang='lat' dir='ltr'>pertinent.</span> <span class='ocrx_word' id='word_1_28' title='bbox 716 548 749 594; x_wconf 40' lang='grc' dir='ltr'>ι*</span> <span class='ocrx_word' id='word_1_29' title='bbox 772 543 874 618; x_wconf 82' lang='lat' dir='ltr'>Huic</span> <span class='ocrx_word' id='word_1_30' title='bbox 886 541 951 618; x_wconf 81' lang='lat' dir='ltr'>fini</span> <span class='ocrx_word' id='word_1_31' title='bbox 964 545 1072 620; x_wconf 86' lang='lat' dir='ltr'>etiam</span> <span class='ocrx_word' id='word_1_32' title='bbox 1083 543 1256 622; x_wconf 85' lang='lat' dir='ltr'>inserviet</span> <span class='ocrx_word' id='word_1_33' title='bbox 1270 544 1471 648; x_wconf 86' lang='lat' dir='ltr'>figurarum</span> <span class='ocrx_word' id='word_1_34' title='bbox 1490 548 1713 646; x_wconf 78' lang='lat' dir='ltr'>poeticarum</span> <span class='ocrx_word' id='word_1_35' title='bbox 1734 555 1783 628; x_wconf 87' lang='lat'>34</span> 
     </span>
     <span class='ocr_line' id='line_1_4' title="bbox 79 640 1946 744; baseline 0 -23"><span class='ocrx_word' id='word_1_36' title='bbox 79 644 266 743; x_wconf 70' lang='lat' dir='ltr'>colestia,</span> <span class='ocrx_word' id='word_1_37' title='bbox 287 643 455 743; x_wconf 77' lang='lat' dir='ltr'>inprimis</span> <span class='ocrx_word' id='word_1_38' title='bbox 471 640 757 735; x_wconf 67' lang='lat' dir='ltr'>affeciuohrrum,</span> <span class='ocrx_word' id='word_1_39' title='bbox 772 667 855 740; x_wconf 86' lang='lat' dir='ltr'>quae</span> <span class='ocrx_word' id='word_1_40' title='bbox 870 641 1022 716; x_wconf 83' lang='lat' dir='ltr'>mirifice</span> <span class='ocrx_word' id='word_1_41' title='bbox 1036 654 1168 744; x_wconf 72' lang='lat' dir='ltr'>poema</span> <span class='ocrx_word' id='word_1_42' title='bbox 1183 666 1326 719; x_wconf 87' lang='lat' dir='ltr'>ornant.</span> <span class='ocrx_word' id='word_1_43' title='bbox 1377 644 1474 720; x_wconf 90' lang='lat' dir='ltr'>Cum</span> <span class='ocrx_word' id='word_1_44' title='bbox 1490 649 1589 720; x_wconf 88' lang='lat' dir='ltr'>enim</span> <span class='ocrx_word' id='word_1_45' title='bbox 1606 649 1713 720; x_wconf 86' lang='lat' dir='ltr'>etiam</span> <span class='ocrx_word' id='word_1_46' title='bbox 1817 713 1820 720; x_wconf 90' lang='lat'>.</span> <span class='ocrx_word' id='word_1_47' title='bbox 1929 701 1946 742; x_wconf 76' lang='lat'>,</span> 
     </span>
     <span class='ocr_line' id='line_1_5' title="bbox 77 739 1713 846; baseline -0.001 -27"><span class='ocrx_word' id='word_1_48' title='bbox 77 744 167 846; x_wconf 90' lang='lat' dir='ltr'>apud</span> <span class='ocrx_word' id='word_1_49' title='bbox 181 743 363 822; x_wconf 87' lang='lat' dir='ltr'>Oratores</span> <span class='ocrx_word' id='word_1_50' title='bbox 376 740 506 846; x_wconf 84' lang='lat' dir='ltr'>figurae</span> <span class='ocrx_word' id='word_1_51' title='bbox 538 739 758 844; x_wconf 80' lang='lat' dir='ltr'>Orationem</span> <span class='ocrx_word' id='word_1_52' title='bbox 786 739 883 840; x_wconf 84' lang='lat' dir='ltr'>quast</span> <span class='ocrx_word' id='word_1_53' title='bbox 898 739 1098 840; x_wconf 86' lang='lat' dir='ltr'>vivificent,</span> <span class='ocrx_word' id='word_1_54' title='bbox 1123 742 1380 845; x_wconf 83' lang='lat' dir='ltr'>multomagis</span> <span class='ocrx_word' id='word_1_55' title='bbox 1403 747 1440 818; x_wconf 89' lang='lat' dir='ltr'>in</span> <span class='ocrx_word' id='word_1_56' title='bbox 1467 744 1639 818; x_wconf 77' lang='lat' dir='ltr'>Carmine</span> <span class='ocrx_word' id='word_1_57' title='bbox 1664 743 1713 820; x_wconf 73' lang='lat' dir='ltr'>sa</span> 
     </span>
    </p>

    <p class='ocr_par' dir='ltr' id='par_1_3' title="bbox 14 841 1818 942">
     <span class='ocr_line' id='line_1_6' title="bbox 14 841 1818 942; baseline -0.002 -24"><span class='ocrx_word' id='word_1_58' title='bbox 14 853 16 884; x_wconf 75' lang='lat'><em>³</em></span> <span class='ocrx_word' id='word_1_59' title='bbox 78 849 186 939; x_wconf 85' lang='lat' dir='ltr'>cient3</span> <span class='ocrx_word' id='word_1_60' title='bbox 223 841 382 938; x_wconf 86' lang='lat' dir='ltr'>ideoque</span> <span class='ocrx_word' id='word_1_61' title='bbox 412 841 450 916; x_wconf 83' lang='lat' dir='ltr'>dt</span> <span class='ocrx_word' id='word_1_62' title='bbox 476 841 628 938; x_wconf 87' lang='lat' dir='ltr'>illarum,</span> <span class='ocrx_word' id='word_1_63' title='bbox 650 861 691 917; x_wconf 90' lang='lat' dir='ltr'>ut</span> <span class='ocrx_word' id='word_1_64' title='bbox 702 844 876 916; x_wconf 88' lang='lat' dir='ltr'>omnium</span> <span class='ocrx_word' id='word_1_65' title='bbox 902 841 1201 942; x_wconf 81' lang='lat' dir='ltr'>metaphorarum</span> <span class='ocrx_word' id='word_1_66' title='bbox 1221 841 1449 941; x_wconf 83' lang='lat' dir='ltr'>frequentior</span> <span class='ocrx_word' id='word_1_67' title='bbox 1470 844 1529 920; x_wconf 84' lang='lat' dir='ltr'>hic</span> <span class='ocrx_word' id='word_1_68' title='bbox 1551 844 1632 918; x_wconf 89' lang='lat' dir='ltr'>usus</span> <span class='ocrx_word' id='word_1_69' title='bbox 1653 841 1712 918; x_wconf 89' lang='lat' dir='ltr'>est.</span> <span class='ocrx_word' id='word_1_70' title='bbox 1813 896 1818 914; x_wconf 87' lang='lat'><em>.</em></span> 
     </span>
    </p>

    <p class='ocr_par' dir='ltr' id='par_1_4' title="bbox 14 938 1858 1117">
     <span class='ocr_line' id='line_1_7' title="bbox 14 938 1858 1117; baseline 0.001 -101"><span class='ocrx_word' id='word_1_71' title='bbox 14 945 15 948; x_wconf 64' lang='lat'>‘</span> <span class='ocrx_word' id='word_1_72' title='bbox 76 944 305 1117; x_wconf 64' lang='lat' dir='ltr'>*Qfoniam</span> <span class='ocrx_word' id='word_1_73' title='bbox 320 963 412 1015; x_wconf 92' lang='lat' dir='ltr'>vero</span> <span class='ocrx_word' id='word_1_74' title='bbox 426 939 737 1054; x_wconf 83' lang='lat' dir='ltr'>geniuspo&#39;ericus</span> <span class='ocrx_word' id='word_1_75' title='bbox 759 941 804 1014; x_wconf 89' lang='lat' dir='ltr'>ab</span> <span class='ocrx_word' id='word_1_76' title='bbox 819 940 997 1016; x_wconf 87' lang='lat' dir='ltr'>Oratorio</span> <span class='ocrx_word' id='word_1_77' title='bbox 1018 938 1181 1018; x_wconf 86' lang='lat' dir='ltr'>diversus</span> <span class='ocrx_word' id='word_1_78' title='bbox 1200 939 1261 1042; x_wconf 83' lang='lat' dir='ltr'>est,</span> <span class='ocrx_word' id='word_1_79' title='bbox 1288 941 1450 1040; x_wconf 88' lang='lat' dir='ltr'>ideoque</span> <span class='ocrx_word' id='word_1_80' title='bbox 1468 943 1617 1058; x_wconf 79' lang='lat' dir='ltr'>expedit</span> <span class='ocrx_word' id='word_1_81' title='bbox 1630 943 1713 1018; x_wconf 89' lang='lat' dir='ltr'>-illas</span> <span class='ocrx_word' id='word_1_82' title='bbox 1733 955 1777 1029; x_wconf 85' lang='lat'>35</span> <span class='ocrx_word' id='word_1_83' title='bbox 1856 959 1858 964; x_wconf 88' lang='grc'><strong><em>·</em></strong></span> 
     </span>
    </p>
   </div>
   <div class='ocr_carea' id='block_1_3' title="bbox 74 1037 1714 1550">
    <p class='ocr_par' dir='ltr' id='par_1_5' title="bbox 74 1037 1714 1550">
     <span class='ocr_line' id='line_1_8' title="bbox 77 1037 1714 1142; baseline -0.001 -26"><span class='ocrx_word' id='word_1_84' title='bbox 77 1065 135 1118; x_wconf 90' lang='lat' dir='ltr'>not</span> <span class='ocrx_word' id='word_1_85' title='bbox 185 1067 216 1140; x_wconf 88' lang='lat' dir='ltr'>e,</span> <span class='ocrx_word' id='word_1_86' title='bbox 231 1061 314 1138; x_wconf 76' lang='lat' dir='ltr'>quac</span> <span class='ocrx_word' id='word_1_87' title='bbox 328 1038 544 1142; x_wconf 80' lang='lat' dir='ltr'>singularem</span> <span class='ocrx_word' id='word_1_88' title='bbox 561 1037 746 1114; x_wconf 78' lang='lat' dir='ltr'>interdum</span> <span class='ocrx_word' id='word_1_89' title='bbox 768 1040 1077 1138; x_wconf 85' lang='lat' dir='ltr'>carminipsriunt</span> <span class='ocrx_word' id='word_1_90' title='bbox 1090 1041 1315 1142; x_wconf 76' lang='lat' dir='ltr'>elegantiam.</span> <span class='ocrx_word' id='word_1_91' title='bbox 1365 1043 1530 1140; x_wconf 87' lang='lat' dir='ltr'>Suntque</span> <span class='ocrx_word' id='word_1_92' title='bbox 1560 1061 1655 1116; x_wconf 89' lang='lat' dir='ltr'>mter</span> <span class='ocrx_word' id='word_1_93' title='bbox 1676 1041 1714 1114; x_wconf 92' lang='lat' dir='ltr'>il·</span> 
     </span>
     <span class='ocr_line' id='line_1_9' title="bbox 74 1136 1713 1243; baseline -0.001 -29"><span class='ocrx_word' id='word_1_94' title='bbox 74 1141 118 1216; x_wconf 88' lang='lat' dir='ltr'>las</span> <span class='ocrx_word' id='word_1_95' title='bbox 140 1143 229 1240; x_wconf 69' lang='lat' dir='ltr'>aliae,</span> <span class='ocrx_word' id='word_1_96' title='bbox 250 1163 331 1236; x_wconf 90' lang='lat' dir='ltr'>quae</span> <span class='ocrx_word' id='word_1_97' title='bbox 360 1140 390 1214; x_wconf 85' lang='lat' dir='ltr'>E</span> <span class='ocrx_word' id='word_1_98' title='bbox 418 1143 535 1230; x_wconf 86' lang='lat' dir='ltr'>.&#39;cum;</span> <span class='ocrx_word' id='word_1_99' title='bbox 558 1137 648 1234; x_wconf 79' lang='lat' dir='ltr'>aliae&#39;,</span> <span class='ocrx_word' id='word_1_100' title='bbox 669 1161 752 1235; x_wconf 77' lang='lat' dir='ltr'>quae</span> <span class='ocrx_word' id='word_1_101' title='bbox 773 1136 983 1240; x_wconf 80' lang='lat' dir='ltr'>Elegiacurn</span> <span class='ocrx_word' id='word_1_102' title='bbox 1005 1161 1210 1214; x_wconf 84' lang='lat' dir='ltr'>cannen-m</span> <span class='ocrx_word' id='word_1_103' title='bbox 1262 1143 1454 1236; x_wconf 71' lang='lat' dir='ltr'>inornant,</span> <span class='ocrx_word' id='word_1_104' title='bbox 1480 1163 1713 1243; x_wconf 83' lang='lat' dir='ltr'>magnacum</span> 
     </span>
     <span class='ocr_line' id='line_1_10' title="bbox 77 1236 1713 1338; baseline 0 -26"><span class='ocrx_word' id='word_1_105' title='bbox 77 1239 239 1333; x_wconf 80' lang='lat' dir='ltr'>industria</span> <span class='ocrx_word' id='word_1_106' title='bbox 256 1242 293 1314; x_wconf 85' lang='lat'>&amp;</span> <span class='ocrx_word' id='word_1_107' title='bbox 311 1237 389 1312; x_wconf 83' lang='lat' dir='ltr'>dele</span> <span class='ocrx_word' id='word_1_108' title='bbox 428 1264 450 1311; x_wconf 92' lang='lat' dir='ltr'>u</span> <span class='ocrx_word' id='word_1_109' title='bbox 476 1236 680 1330; x_wconf 68' lang='lat' dir='ltr'>notandae·</span> <span class='ocrx_word' id='word_1_110' title='bbox 734 1237 882 1313; x_wconf 83' lang='lat' dir='ltr'>Habent</span> <span class='ocrx_word' id='word_1_111' title='bbox 904 1237 1035 1338; x_wconf 84' lang='lat' dir='ltr'>Lyrica</span> <span class='ocrx_word' id='word_1_112' title='bbox 1061 1239 1229 1335; x_wconf 85' lang='lat' dir='ltr'>carmina,</span> <span class='ocrx_word' id='word_1_113' title='bbox 1278 1241 1427 1338; x_wconf 89' lang='lat' dir='ltr'>haleuci,</span> <span class='ocrx_word' id='word_1_114' title='bbox 1450 1241 1713 1334; x_wconf 77' lang='lat' dir='ltr'>Anacreontes,</span> 
     </span>
     <span class='ocr_line' id='line_1_11' title="bbox 75 1334 1713 1440; baseline 0 -28"><span class='ocrx_word' id='word_1_115' title='bbox 75 1339 270 1436; x_wconf 76' lang='lat' dir='ltr'>scazontes,</span> <span class='ocrx_word' id='word_1_116' title='bbox 295 1337 469 1434; x_wconf 87' lang='lat' dir='ltr'>quasdam</span> <span class='ocrx_word' id='word_1_117' title='bbox 484 1334 549 1409; x_wconf 75' lang='lat' dir='ltr'>sabi</span> <span class='ocrx_word' id='word_1_118' title='bbox 571 1334 779 1435; x_wconf 76' lang='lat' dir='ltr'>peculiares,</span> <span class='ocrx_word' id='word_1_119' title='bbox 805 1359 846 1413; x_wconf 93' lang='lat' dir='ltr'>ut</span> <span class='ocrx_word' id='word_1_120' title='bbox 858 1359 1045 1435; x_wconf 90' lang='lat' dir='ltr'>numeros,</span> <span class='ocrx_word' id='word_1_121' title='bbox 1057 1340 1105 1413; x_wconf 89' lang='lat' dir='ltr'>ita</span> <span class='ocrx_word' id='word_1_122' title='bbox 1117 1335 1265 1440; x_wconf 88' lang='lat' dir='ltr'>figuras,</span> <span class='ocrx_word' id='word_1_123' title='bbox 1282 1337 1449 1438; x_wconf 77' lang='lat' dir='ltr'>quasin</span> <span class='ocrx_word' id='word_1_124' title='bbox 1478 1340 1615 1414; x_wconf 88' lang='lat' dir='ltr'>ularem</span> <span class='ocrx_word' id='word_1_125' title='bbox 1636 1340 1713 1414; x_wconf 90' lang='lat' dir='ltr'>uni·</span> 
     </span>
     <span class='ocr_line' id='line_1_12' title="bbox 75 1364 1713 1550; baseline 0.001 -39"><span class='ocrx_word' id='word_1_126' title='bbox 75 1443 196 1537; x_wconf 90' lang='lat' dir='ltr'>cuique</span> <span class='ocrx_word' id='word_1_127' title='bbox 217 1441 344 1540; x_wconf 86' lang='lat' dir='ltr'>generi</span> <span class='ocrx_word' id='word_1_128' title='bbox 364 1438 579 1538; x_wconf 76' lang='lat' dir='ltr'>elegantiam</span> <span class='ocrx_word' id='word_1_129' title='bbox 603 1435 896 1538; x_wconf 88' lang='lat' dir='ltr'>circumponunt.</span> <span class='ocrx_word' id='word_1_130' title='bbox 926 1520 930 1550; x_wconf 32' lang='grc'><strong><em>,</em></strong></span> <span class='ocrx_word' id='word_1_131' title='bbox 979 1433 1143 1540; x_wconf 84' lang='lat' dir='ltr'>Collegit</span> <span class='ocrx_word' id='word_1_132' title='bbox 1156 1461 1306 1538; x_wconf 89' lang='lat' dir='ltr'>quoque</span> <span class='ocrx_word' id='word_1_133' title='bbox 1319 1364 1490 1539; x_wconf 51' lang='lat' dir='ltr'>exempla</span> <span class='ocrx_word' id='word_1_134' title='bbox 1511 1435 1713 1540; x_wconf 89' lang='lat' dir='ltr'>figurarum</span> 
     </span>
    </p>
   </div>
   <div class='ocr_carea' id='block_1_4' title="bbox 77 1537 736 1642">
    <p class='ocr_par' dir='ltr' id='par_1_6' title="bbox 77 1537 736 1642">
     <span class='ocr_line' id='line_1_13' title="bbox 77 1537 736 1642; baseline -0.006 -32"><span class='ocrx_word' id='word_1_135' title='bbox 77 1542 254 1610; x_wconf 63' lang='lat' dir='ltr'>amentius</span> <span class='ocrx_word' id='word_1_136' title='bbox 268 1538 296 1608; x_wconf 84' lang='lat' dir='ltr'>lc</span> <span class='ocrx_word' id='word_1_137' title='bbox 309 1543 402 1642; x_wconf 73' lang='lat' dir='ltr'>,lirim</span> <span class='ocrx_word' id='word_1_138' title='bbox 407 1554 496 1640; x_wconf 84' lang='lat' dir='ltr'>part.</span> <span class='ocrx_word' id='word_1_139' title='bbox 509 1561 535 1607; x_wconf 83' lang='lat' dir='ltr'>a.</span> <span class='ocrx_word' id='word_1_140' title='bbox 549 1537 635 1634; x_wconf 79' lang='lat' dir='ltr'>Eloq.</span> <span class='ocrx_word' id='word_1_141' title='bbox 650 1539 736 1606; x_wconf 76' lang='lat' dir='ltr'>Polli.</span> 
     </span>
    </p>
   </div>
   <div class='ocr_carea' id='block_1_5' title="bbox 14 1730 1907 4706">
    <p class='ocr_par' dir='ltr' id='par_1_7' title="bbox 75 1730 1805 2037">
     <span class='ocr_line' id='line_1_14' title="bbox 160 1730 1779 1838; baseline -0.006 -26"><span class='ocrx_word' id='word_1_142' title='bbox 160 1733 311 1812; x_wconf 80' lang='lat' dir='ltr'>Possunt</span> <span class='ocrx_word' id='word_1_143' title='bbox 334 1732 372 1808; x_wconf 83' lang='lat' dir='ltr'>dt</span> <span class='ocrx_word' id='word_1_144' title='bbox 396 1734 592 1833; x_wconf 82' lang='lat' dir='ltr'>peculiares</span> <span class='ocrx_word' id='word_1_145' title='bbox 615 1731 706 1808; x_wconf 87' lang='lat' dir='ltr'>Loci</span> <span class='ocrx_word' id='word_1_146' title='bbox 732 1753 947 1810; x_wconf 89' lang='lat' dir='ltr'>communes</span> <span class='ocrx_word' id='word_1_147' title='bbox 968 1733 1228 1823; x_wconf 83' lang='lat' dir='ltr'>inventionum</span> <span class='ocrx_word' id='word_1_148' title='bbox 1250 1736 1388 1813; x_wconf 85' lang='lat' dir='ltr'>institui</span> <span class='ocrx_word' id='word_1_149' title='bbox 1407 1738 1480 1838; x_wconf 84' lang='lat' dir='ltr'>pro</span> <span class='ocrx_word' id='word_1_150' title='bbox 1500 1733 1564 1810; x_wconf 89' lang='lat' dir='ltr'>usu</span> <span class='ocrx_word' id='word_1_151' title='bbox 1585 1730 1710 1836; x_wconf 81' lang='lat' dir='ltr'>nostro</span> <span class='ocrx_word' id='word_1_152' title='bbox 1733 1737 1779 1817; x_wconf 80' lang='lat'>36</span> 
     </span>
     <span class='ocr_line' id='line_1_15' title="bbox 77 1827 1805 1940; baseline -0.002 -29"><span class='ocrx_word' id='word_1_153' title='bbox 77 1835 342 1940; x_wconf 82' lang='lat' dir='ltr'>attemperandi,</span> <span class='ocrx_word' id='word_1_154' title='bbox 368 1834 499 1932; x_wconf 91' lang='lat' dir='ltr'>quibus</span> <span class='ocrx_word' id='word_1_155' title='bbox 521 1835 578 1910; x_wconf 90' lang='lat' dir='ltr'>illa</span> <span class='ocrx_word' id='word_1_156' title='bbox 597 1827 892 1932; x_wconf 85' lang='lat' dir='ltr'>Enthymemata,</span> <span class='ocrx_word' id='word_1_157' title='bbox 915 1859 998 1931; x_wconf 81' lang='lat' dir='ltr'>quae</span> <span class='ocrx_word' id='word_1_158' title='bbox 1019 1837 1057 1909; x_wconf 93' lang='lat' dir='ltr'>in</span> <span class='ocrx_word' id='word_1_159' title='bbox 1081 1835 1230 1939; x_wconf 87' lang='lat' dir='ltr'>lingulis</span> <span class='ocrx_word' id='word_1_160' title='bbox 1250 1856 1460 1935; x_wconf 86' lang='lat' dir='ltr'>occurrunt,</span> <span class='ocrx_word' id='word_1_161' title='bbox 1482 1835 1604 1933; x_wconf 85' lang='lat' dir='ltr'>subjici</span> <span class='ocrx_word' id='word_1_162' title='bbox 1630 1831 1710 1936; x_wconf 87' lang='lat' dir='ltr'>pos·</span> <span class='ocrx_word' id='word_1_163' title='bbox 1802 1841 1805 1852; x_wconf 85' lang='lat'><em>&#39;</em></span> 
     </span>
     <span class='ocr_line' id='line_1_16' title="bbox 75 1930 1754 2037; baseline -0.001 -28"><span class='ocrx_word' id='word_1_164' title='bbox 75 1935 156 2034; x_wconf 83' lang='lat' dir='ltr'>sunt,</span> <span class='ocrx_word' id='word_1_165' title='bbox 170 1961 241 2010; x_wconf 91' lang='lat' dir='ltr'>una</span> <span class='ocrx_word' id='word_1_166' title='bbox 255 1961 337 2008; x_wconf 91' lang='lat' dir='ltr'>cum</span> <span class='ocrx_word' id='word_1_167' title='bbox 352 1934 502 2035; x_wconf 87' lang='lat' dir='ltr'>argutiis</span> <span class='ocrx_word' id='word_1_168' title='bbox 516 1933 736 2028; x_wconf 78' lang='lat' dir='ltr'>reliquisque</span> <span class='ocrx_word' id='word_1_169' title='bbox 753 1930 922 2031; x_wconf 84' lang='lat' dir='ltr'>artificiis,</span> <span class='ocrx_word' id='word_1_170' title='bbox 937 1957 1018 2030; x_wconf 80' lang='lat' dir='ltr'>quae</span> <span class='ocrx_word' id='word_1_171' title='bbox 1041 1935 1159 2012; x_wconf 89' lang='lat' dir='ltr'>inillis</span> <span class='ocrx_word' id='word_1_172' title='bbox 1181 1935 1279 2037; x_wconf 90' lang='lat' dir='ltr'>apud</span> <span class='ocrx_word' id='word_1_173' title='bbox 1295 1937 1424 2012; x_wconf 76' lang='lat' dir='ltr'>Poetae</span> <span class='ocrx_word' id='word_1_174' title='bbox 1445 1935 1625 2034; x_wconf 81' lang='lat' dir='ltr'>&#39;exemplis</span> <span class='ocrx_word' id='word_1_175' title='bbox 1651 1958 1711 2007; x_wconf 90' lang='lat' dir='ltr'>oc·</span> <span class='ocrx_word' id='word_1_176' title='bbox 1748 1939 1754 1952; x_wconf 91' lang='lat'><em>&#39;</em></span> 
     </span>
    </p>

    <p class='ocr_par' dir='ltr' id='par_1_8' title="bbox 15 2029 1849 2240">
     <span class='ocr_line' id='line_1_17' title="bbox 15 2029 1849 2138; baseline 0.002 -28"><span class='ocrx_word' id='word_1_177' title='bbox 15 2121 16 2134; x_wconf 15' lang='grc' dir='ltr'><strong>ἶ</strong></span> <span class='ocrx_word' id='word_1_178' title='bbox 74 2057 224 2111; x_wconf 91' lang='lat' dir='ltr'>currunt.</span> <span class='ocrx_word' id='word_1_179' title='bbox 274 2040 290 2070; x_wconf 76' lang='lat'>¹</span> <span class='ocrx_word' id='word_1_180' title='bbox 359 2035 507 2108; x_wconf 88' lang='lat' dir='ltr'>uoniam</span> <span class='ocrx_word' id='word_1_181' title='bbox 526 2033 623 2106; x_wconf 91' lang='lat' dir='ltr'>enim</span> <span class='ocrx_word' id='word_1_182' title='bbox 641 2032 757 2135; x_wconf 90' lang='lat' dir='ltr'>vulgo</span> <span class='ocrx_word' id='word_1_183' title='bbox 775 2029 945 2107; x_wconf 82' lang='lat' dir='ltr'>industria</span> <span class='ocrx_word' id='word_1_184' title='bbox 989 2036 1101 2110; x_wconf 84' lang='lat' dir='ltr'>o’e‘tica</span> <span class='ocrx_word' id='word_1_185' title='bbox 1119 2033 1237 2112; x_wconf 89' lang='lat' dir='ltr'>nostra</span> <span class='ocrx_word' id='word_1_186' title='bbox 1252 2059 1451 2138; x_wconf 90' lang='lat' dir='ltr'>occupatur</span> <span class='ocrx_word' id='word_1_187' title='bbox 1478 2037 1516 2109; x_wconf 90' lang='lat' dir='ltr'>in</span> <span class='ocrx_word' id='word_1_188' title='bbox 1532 2033 1711 2135; x_wconf 87' lang='lat' dir='ltr'>Epithala·</span> <span class='ocrx_word' id='word_1_189' title='bbox 1731 2039 1778 2114; x_wconf 77' lang='lat'>37</span> <span class='ocrx_word' id='word_1_190' title='bbox 1848 2031 1849 2036; x_wconf 59' lang='grc'>’</span> 
     </span>
     <span class='ocr_line' id='line_1_18' title="bbox 74 2057 1713 2240; baseline -0.002 -31"><span class='ocrx_word' id='word_1_191' title='bbox 74 2139 156 2234; x_wconf 86' lang='lat' dir='ltr'>miis,</span> <span class='ocrx_word' id='word_1_192' title='bbox 172 2133 367 2240; x_wconf 85' lang='lat' dir='ltr'>Epioediis,</span> <span class='ocrx_word' id='word_1_193' title='bbox 395 2131 707 2208; x_wconf 88' lang='lat' dir='ltr'>Gratulationibus</span> <span class='ocrx_word' id='word_1_194' title='bbox 722 2133 790 2208; x_wconf 83' lang='lat' dir='ltr'>dte.</span> <span class='ocrx_word' id='word_1_195' title='bbox 815 2057 1022 2231; x_wconf 69' lang='lat' dir='ltr'>scribendis,</span> <span class='ocrx_word' id='word_1_196' title='bbox 1038 2131 1241 2212; x_wconf 71' lang='lat' dir='ltr'>iuuenibus</span> <span class='ocrx_word' id='word_1_197' title='bbox 1257 2139 1367 2212; x_wconf 88' lang='lat' dir='ltr'>titulis</span> <span class='ocrx_word' id='word_1_198' title='bbox 1388 2135 1512 2238; x_wconf 86' lang='lat' dir='ltr'>colligi</span> <span class='ocrx_word' id='word_1_199' title='bbox 1531 2134 1713 2228; x_wconf 84' lang='lat' dir='ltr'>inventio·</span> 
     </span>
    </p>

    <p class='ocr_par' dir='ltr' id='par_1_9' title="bbox 14 2229 1829 2928">
     <span class='ocr_line' id='line_1_19' title="bbox 14 2229 1711 2338; baseline -0.002 -30"><span class='ocrx_word' id='word_1_200' title='bbox 14 2323 15 2326; x_wconf 4' lang='grc' dir='ltr'><strong><em>Ν</em></strong></span> <span class='ocrx_word' id='word_1_201' title='bbox 76 2261 154 2309; x_wconf 88' lang='lat' dir='ltr'>num</span> <span class='ocrx_word' id='word_1_202' title='bbox 170 2257 315 2338; x_wconf 86' lang='lat' dir='ltr'>genera,</span> <span class='ocrx_word' id='word_1_203' title='bbox 337 2257 365 2307; x_wconf 89' lang='lat' dir='ltr'>e.</span> <span class='ocrx_word' id='word_1_204' title='bbox 389 2255 425 2332; x_wconf 88' lang='lat' dir='ltr'>g.</span> <span class='ocrx_word' id='word_1_205' title='bbox 446 2237 483 2306; x_wconf 92' lang='lat' dir='ltr'>in</span> <span class='ocrx_word' id='word_1_206' title='bbox 497 2229 796 2308; x_wconf 86' lang='lat' dir='ltr'>Demonstrativo</span> <span class='ocrx_word' id='word_1_207' title='bbox 852 2253 960 2312; x_wconf 83' lang='lat' dir='ltr'>encre</span> <span class='ocrx_word' id='word_1_208' title='bbox 982 2233 1077 2308; x_wconf 90' lang='lat' dir='ltr'>inter</span> <span class='ocrx_word' id='word_1_209' title='bbox 1106 2235 1229 2312; x_wconf 88' lang='lat' dir='ltr'>titulos</span> <span class='ocrx_word' id='word_1_210' title='bbox 1246 2235 1435 2338; x_wconf 85' lang='lat' dir='ltr'>generales</span> <span class='ocrx_word' id='word_1_211' title='bbox 1464 2235 1532 2309; x_wconf 89' lang='lat' dir='ltr'>erit</span> <span class='ocrx_word' id='word_1_212' title='bbox 1553 2232 1711 2334; x_wconf 81' lang='lat' dir='ltr'>Epithala-</span> 
     </span>
     <span class='ocr_line' id='line_1_20' title="bbox 74 2255 1710 2438; baseline 0.001 -34"><span class='ocrx_word' id='word_1_213' title='bbox 74 2347 168 2406; x_wconf 86' lang='lat' dir='ltr'>mium.</span> <span class='ocrx_word' id='word_1_214' title='bbox 215 2334 417 2429; x_wconf 82' lang='lat' dir='ltr'>Sequuntur</span> <span class='ocrx_word' id='word_1_215' title='bbox 431 2329 493 2405; x_wconf 88' lang='lat' dir='ltr'>sub</span> <span class='ocrx_word' id='word_1_216' title='bbox 509 2328 571 2404; x_wconf 83' lang='lat' dir='ltr'>illo</span> <span class='ocrx_word' id='word_1_217' title='bbox 592 2332 698 2406; x_wconf 90' lang='lat' dir='ltr'>titulo</span> <span class='ocrx_word' id='word_1_218' title='bbox 717 2255 884 2430; x_wconf 39' lang='lat' dir='ltr'>speciales</span> <span class='ocrx_word' id='word_1_219' title='bbox 905 2353 951 2406; x_wconf 88' lang='lat' dir='ltr'>ex</span> <span class='ocrx_word' id='word_1_220' title='bbox 968 2331 1238 2412; x_wconf 84' lang='lat' dir='ltr'>circumstantiis</span> <span class='ocrx_word' id='word_1_221' title='bbox 1261 2337 1405 2438; x_wconf 84' lang='lat' dir='ltr'>negotii</span> <span class='ocrx_word' id='word_1_222' title='bbox 1431 2334 1580 2408; x_wconf 88' lang='lat' dir='ltr'>evoluti.</span> <span class='ocrx_word' id='word_1_223' title='bbox 1657 2329 1710 2406; x_wconf 84' lang='lat' dir='ltr'>lta</span> 
     </span>
     <span class='ocr_line' id='line_1_21' title="bbox 76 2427 1710 2534; baseline -0.002 -28"><span class='ocrx_word' id='word_1_224' title='bbox 76 2431 385 2510; x_wconf 83' lang='lat' dir='ltr'>excitcumstantia</span> <span class='ocrx_word' id='word_1_225' title='bbox 403 2427 566 2530; x_wconf 82' lang='lat' dir='ltr'>personae</span> <span class='ocrx_word' id='word_1_226' title='bbox 580 2427 751 2505; x_wconf 84' lang='lat' dir='ltr'>conficias</span> <span class='ocrx_word' id='word_1_227' title='bbox 773 2431 913 2505; x_wconf 85' lang='lat' dir='ltr'>titulos:</span> <span class='ocrx_word' id='word_1_228' title='bbox 936 2434 1176 2529; x_wconf 79' lang='lat' dir='ltr'>Epithalamium</span> <span class='ocrx_word' id='word_1_229' title='bbox 1205 2435 1469 2534; x_wconf 62' lang='lat' dir='ltr'>Theologiffcai,</span> <span class='ocrx_word' id='word_1_230' title='bbox 1489 2431 1618 2526; x_wconf 69' lang='lat' dir='ltr'>Medici,</span> <span class='ocrx_word' id='word_1_231' title='bbox 1635 2432 1710 2502; x_wconf 82' lang='lat' dir='ltr'>Ma·</span> 
     </span>
     <span class='ocr_line' id='line_1_22' title="bbox 75 2525 1709 2634; baseline -0.001 -32"><span class='ocrx_word' id='word_1_232' title='bbox 75 2535 234 2616; x_wconf 80' lang='lat' dir='ltr'>themarici,</span> <span class='ocrx_word' id='word_1_233' title='bbox 257 2530 435 2630; x_wconf 74' lang='lat' dir='ltr'>Philosophi,</span> <span class='ocrx_word' id='word_1_234' title='bbox 454 2534 645 2600; x_wconf 71' lang='lat' dir='ltr'>Mercatura</span> <span class='ocrx_word' id='word_1_235' title='bbox 669 2525 739 2603; x_wconf 70' lang='lat' dir='ltr'>&amp;a</span> <span class='ocrx_word' id='word_1_236' title='bbox 815 2529 873 2602; x_wconf 83' lang='lat' dir='ltr'>Ex</span> <span class='ocrx_word' id='word_1_237' title='bbox 894 2528 1151 2608; x_wconf 87' lang='lat' dir='ltr'>circumstantia</span> <span class='ocrx_word' id='word_1_238' title='bbox 1174 2538 1374 2631; x_wconf 89' lang='lat' dir='ltr'>temporis:</span> <span class='ocrx_word' id='word_1_239' title='bbox 1412 2533 1652 2634; x_wconf 77' lang='lat' dir='ltr'>Epithalamium</span> <span class='ocrx_word' id='word_1_240' title='bbox 1675 2539 1709 2600; x_wconf 86' lang='lat' dir='ltr'>in</span> 
     </span>
     <span class='ocr_line' id='line_1_23' title="bbox 74 2626 1829 2734; baseline -0.001 -30"><span class='ocrx_word' id='word_1_241' title='bbox 74 2644 185 2734; x_wconf 80' lang='lat' dir='ltr'>nuptias</span> <span class='ocrx_word' id='word_1_242' title='bbox 200 2653 338 2733; x_wconf 81' lang='lat' dir='ltr'>tempora</span> <span class='ocrx_word' id='word_1_243' title='bbox 353 2631 467 2726; x_wconf 70' lang='lat' dir='ltr'>astatis,</span> <span class='ocrx_word' id='word_1_244' title='bbox 492 2637 585 2710; x_wconf 83' lang='lat' dir='ltr'>veris,</span> <span class='ocrx_word' id='word_1_245' title='bbox 600 2628 716 2710; x_wconf 79' lang='lat' dir='ltr'>hiemis,</span> <span class='ocrx_word' id='word_1_246' title='bbox 739 2637 891 2710; x_wconf 70' lang='lat' dir='ltr'>auctumni,</span> <span class='ocrx_word' id='word_1_247' title='bbox 908 2629 1118 2700; x_wconf 70' lang='lat' dir='ltr'>nanhnaram</span> <span class='ocrx_word' id='word_1_248' title='bbox 1132 2626 1176 2702; x_wconf 73' lang='lat' dir='ltr'>ds</span> <span class='ocrx_word' id='word_1_249' title='bbox 1176 2657 1203 2706; x_wconf 84' lang='lat' dir='ltr'>c.</span> <span class='ocrx_word' id='word_1_250' title='bbox 1229 2629 1406 2701; x_wconf 78' lang='lat' dir='ltr'>celebratas.</span> <span class='ocrx_word' id='word_1_251' title='bbox 1483 2629 1627 2704; x_wconf 77' lang='lat' dir='ltr'>Ceterae</span> <span class='ocrx_word' id='word_1_252' title='bbox 1642 2631 1707 2704; x_wconf 87' lang='lat' dir='ltr'>cir·</span> <span class='ocrx_word' id='word_1_253' title='bbox 1826 2684 1829 2692; x_wconf 38' lang='lat' dir='ltr'><strong><em>f</em></strong></span> 
     </span>
     <span class='ocr_line' id='line_1_24' title="bbox 75 2723 1708 2826; baseline -0.002 -22"><span class='ocrx_word' id='word_1_254' title='bbox 75 2733 282 2808; x_wconf 80' lang='lat' dir='ltr'>cnmllantiae</span> <span class='ocrx_word' id='word_1_255' title='bbox 298 2733 363 2806; x_wconf 85' lang='lat' dir='ltr'>alia</span> <span class='ocrx_word' id='word_1_256' title='bbox 376 2731 512 2826; x_wconf 89' lang='lat' dir='ltr'>aliaque</span> <span class='ocrx_word' id='word_1_257' title='bbox 530 2723 821 2826; x_wconf 90' lang='lat' dir='ltr'>suppeditabunt,</span> <span class='ocrx_word' id='word_1_258' title='bbox 835 2725 911 2800; x_wconf 91' lang='lat' dir='ltr'>usui</span> <span class='ocrx_word' id='word_1_259' title='bbox 934 2723 1000 2798; x_wconf 87' lang='lat' dir='ltr'>tibi</span> <span class='ocrx_word' id='word_1_260' title='bbox 1019 2729 1056 2800; x_wconf 92' lang='lat' dir='ltr'>in</span> <span class='ocrx_word' id='word_1_261' title='bbox 1079 2727 1292 2802; x_wconf 89' lang='lat' dir='ltr'>inventione</span> <span class='ocrx_word' id='word_1_262' title='bbox 1313 2726 1446 2804; x_wconf 89' lang='lat' dir='ltr'>futura.</span> <span class='ocrx_word' id='word_1_263' title='bbox 1504 2729 1608 2801; x_wconf 73' lang='lat' dir='ltr'>Nam·</span> <span class='ocrx_word' id='word_1_264' title='bbox 1628 2727 1708 2802; x_wconf 89' lang='lat' dir='ltr'>bre·</span> 
     </span>
     <span class='ocr_line' id='line_1_25' title="bbox 74 2823 1777 2928; baseline -0.002 -26"><span class='ocrx_word' id='word_1_265' title='bbox 74 2837 165 2907; x_wconf 91' lang='lat' dir='ltr'>viora</span> <span class='ocrx_word' id='word_1_266' title='bbox 178 2833 335 2906; x_wconf 86' lang='lat' dir='ltr'>carmina</span> <span class='ocrx_word' id='word_1_267' title='bbox 355 2853 430 2904; x_wconf 91' lang='lat' dir='ltr'>non</span> <span class='ocrx_word' id='word_1_268' title='bbox 454 2825 596 2926; x_wconf 88' lang='lat' dir='ltr'>semper</span> <span class='ocrx_word' id='word_1_269' title='bbox 618 2847 685 2924; x_wconf 88' lang='lat' dir='ltr'>per</span> <span class='ocrx_word' id='word_1_270' title='bbox 706 2826 846 2928; x_wconf 89' lang='lat' dir='ltr'>integra</span> <span class='ocrx_word' id='word_1_271' title='bbox 872 2823 1153 2922; x_wconf 79' lang='lat' dir='ltr'>Entltynnemata</span> <span class='ocrx_word' id='word_1_272' title='bbox 1180 2825 1398 2926; x_wconf 88' lang='lat' dir='ltr'>procedunt,</span> <span class='ocrx_word' id='word_1_273' title='bbox 1420 2827 1480 2902; x_wconf 89' lang='lat' dir='ltr'>sed</span> <span class='ocrx_word' id='word_1_274' title='bbox 1499 2848 1626 2928; x_wconf 86' lang='lat' dir='ltr'>arguta</span> <span class='ocrx_word' id='word_1_275' title='bbox 1650 2826 1709 2900; x_wconf 90' lang='lat' dir='ltr'>ali·</span> <span class='ocrx_word' id='word_1_276' title='bbox 1773 2917 1777 2924; x_wconf 25' lang='grc' dir='ltr'>Ι</span> 
     </span>
    </p>

    <p class='ocr_par' dir='ltr' id='par_1_10' title="bbox 71 2921 1907 4706">
     <span class='ocr_line' id='line_1_26' title="bbox 98 2921 1707 3030; baseline -0.003 -26"><span class='ocrx_word' id='word_1_277' title='bbox 98 2957 135 3006; x_wconf 89' lang='lat' dir='ltr'>ua</span> <span class='ocrx_word' id='word_1_278' title='bbox 149 2931 208 3008; x_wconf 92' lang='lat' dir='ltr'>vel</span> <span class='ocrx_word' id='word_1_279' title='bbox 229 2928 398 3006; x_wconf 87' lang='lat' dir='ltr'>allufione</span> <span class='ocrx_word' id='word_1_280' title='bbox 412 2927 471 3002; x_wconf 87' lang='lat' dir='ltr'>vel</span> <span class='ocrx_word' id='word_1_281' title='bbox 490 2923 647 2999; x_wconf 85' lang='lat' dir='ltr'>illatione</span> <span class='ocrx_word' id='word_1_282' title='bbox 663 2921 905 2999; x_wconf 89' lang='lat' dir='ltr'>absolvuntur.</span> <span class='ocrx_word' id='word_1_283' title='bbox 956 2923 1050 2999; x_wconf 80' lang='lat' dir='ltr'>Haec</span> <span class='ocrx_word' id='word_1_284' title='bbox 1066 2922 1127 2998; x_wconf 89' lang='lat' dir='ltr'>etli</span> <span class='ocrx_word' id='word_1_285' title='bbox 1140 2927 1330 3030; x_wconf 90' lang='lat' dir='ltr'>ingenium</span> <span class='ocrx_word' id='word_1_286' title='bbox 1344 2923 1444 3002; x_wconf 87' lang='lat' dir='ltr'>facile</span> <span class='ocrx_word' id='word_1_287' title='bbox 1471 2949 1538 3026; x_wconf 83' lang='lat' dir='ltr'>per</span> <span class='ocrx_word' id='word_1_288' title='bbox 1561 2924 1595 3002; x_wconf 88' lang='lat' dir='ltr'>se</span> <span class='ocrx_word' id='word_1_289' title='bbox 1616 2949 1707 3028; x_wconf 86' lang='lat' dir='ltr'>prar-</span> 
     </span>
     <span class='ocr_line' id='line_1_27' title="bbox 75 2955 1707 3128; baseline -0.001 -27"><span class='ocrx_word' id='word_1_290' title='bbox 75 2955 131 3104; x_wconf 74' lang='lat' dir='ltr'>iet</span> <span class='ocrx_word' id='word_1_291' title='bbox 145 3035 180 3106; x_wconf 92' lang='lat' dir='ltr'>in</span> <span class='ocrx_word' id='word_1_292' title='bbox 194 3025 404 3128; x_wconf 77' lang='lat' dir='ltr'>inceniolis,</span> <span class='ocrx_word' id='word_1_293' title='bbox 425 3025 559 3126; x_wconf 79' lang='lat' dir='ltr'>tamen,</span> <span class='ocrx_word' id='word_1_294' title='bbox 575 3021 600 3098; x_wconf 83' lang='lat' dir='ltr'>st</span> <span class='ocrx_word' id='word_1_295' title='bbox 614 3023 787 3124; x_wconf 45' lang='lat' dir='ltr'>,exempla</span> <span class='ocrx_word' id='word_1_296' title='bbox 806 3027 916 3101; x_wconf 88' lang='lat' dir='ltr'>multa</span> <span class='ocrx_word' id='word_1_297' title='bbox 937 3023 1087 3102; x_wconf 78' lang='lat' dir='ltr'>collcsla</span> <span class='ocrx_word' id='word_1_298' title='bbox 1106 3023 1285 3123; x_wconf 80' lang='lat' dir='ltr'>habueris,</span> <span class='ocrx_word' id='word_1_299' title='bbox 1306 3049 1416 3102; x_wconf 82' lang='lat' dir='ltr'>novae</span> <span class='ocrx_word' id='word_1_300' title='bbox 1443 3025 1587 3127; x_wconf 85' lang='lat' dir='ltr'>semper</span> <span class='ocrx_word' id='word_1_301' title='bbox 1608 3025 1707 3128; x_wconf 88' lang='lat' dir='ltr'>cogi·</span> 
     </span>
     <span class='ocr_line' id='line_1_28' title="bbox 74 3095 1820 3228; baseline 0 -26"><span class='ocrx_word' id='word_1_302' title='bbox 74 3095 272 3206; x_wconf 65' lang='lat' dir='ltr'>tationesdt</span> <span class='ocrx_word' id='word_1_303' title='bbox 294 3130 525 3203; x_wconf 84' lang='lat' dir='ltr'>inventiones</span> <span class='ocrx_word' id='word_1_304' title='bbox 537 3122 600 3200; x_wconf 89' lang='lat' dir='ltr'>sub</span> <span class='ocrx_word' id='word_1_305' title='bbox 620 3121 726 3197; x_wconf 80' lang='lat' dir='ltr'>m&#39;ann</span> <span class='ocrx_word' id='word_1_306' title='bbox 744 3116 919 3202; x_wconf 54' lang='lat' dir='ltr'>ostsccnt:</span> <span class='ocrx_word' id='word_1_307' title='bbox 942 3147 1024 3223; x_wconf 83' lang='lat' dir='ltr'>quae</span> <span class='ocrx_word' id='word_1_308' title='bbox 1038 3124 1301 3202; x_wconf 67' lang='lat' dir='ltr'>informandae</span> <span class='ocrx_word' id='word_1_309' title='bbox 1320 3123 1411 3226; x_wconf 91' lang='lat' dir='ltr'>sunt,</span> <span class='ocrx_word' id='word_1_310' title='bbox 1424 3149 1470 3201; x_wconf 89' lang='lat' dir='ltr'>ne</span> <span class='ocrx_word' id='word_1_311' title='bbox 1485 3125 1722 3228; x_wconf 84' lang='lat' dir='ltr'>exscriptum·</span> <span class='ocrx_word' id='word_1_312' title='bbox 1814 3129 1820 3142; x_wconf 73' lang='grc'><em>“</em></span> 
     </span>
     <span class='ocr_line' id='line_1_29' title="bbox 74 3219 1820 3329; baseline 0.001 -28"><span class='ocrx_word' id='word_1_313' title='bbox 74 3253 208 3304; x_wconf 82' lang='lat' dir='ltr'>carmen</span> <span class='ocrx_word' id='word_1_314' title='bbox 224 3228 401 3326; x_wconf 86' lang='lat' dir='ltr'>videatur,</span> <span class='ocrx_word' id='word_1_315' title='bbox 417 3225 454 3302; x_wconf 83' lang='lat' dir='ltr'>dt</span> <span class='ocrx_word' id='word_1_316' title='bbox 474 3222 578 3300; x_wconf 88' lang='lat' dir='ltr'>facile</span> <span class='ocrx_word' id='word_1_317' title='bbox 592 3219 642 3297; x_wconf 87' lang='lat' dir='ltr'>est</span> <span class='ocrx_word' id='word_1_318' title='bbox 656 3237 759 3297; x_wconf 89' lang='lat' dir='ltr'>novo</span> <span class='ocrx_word' id='word_1_319' title='bbox 773 3224 894 3322; x_wconf 90' lang='lat' dir='ltr'>aliquo</span> <span class='ocrx_word' id='word_1_320' title='bbox 920 3225 1045 3300; x_wconf 90' lang='lat' dir='ltr'>colore</span> <span class='ocrx_word' id='word_1_321' title='bbox 1066 3249 1143 3302; x_wconf 90' lang='lat' dir='ltr'>rem</span> <span class='ocrx_word' id='word_1_322' title='bbox 1164 3221 1365 3300; x_wconf 87' lang='lat' dir='ltr'>incrustare.</span> <span class='ocrx_word' id='word_1_323' title='bbox 1435 3227 1625 3329; x_wconf 73' lang='lat' dir='ltr'>Quicquid</span> <span class='ocrx_word' id='word_1_324' title='bbox 1645 3228 1708 3302; x_wconf 84' lang='lat' dir='ltr'>ita·</span> <span class='ocrx_word' id='word_1_325' title='bbox 1735 3264 1736 3270; x_wconf 42' lang='lat'>¹</span> <span class='ocrx_word' id='word_1_326' title='bbox 1818 3279 1820 3282; x_wconf 94' lang='lat'>-</span> 
     </span>
     <span class='ocr_line' id='line_1_30' title="bbox 75 3321 1829 3428; baseline -0.001 -28"><span class='ocrx_word' id='word_1_327' title='bbox 75 3352 136 3424; x_wconf 91' lang='lat' dir='ltr'>que</span> <span class='ocrx_word' id='word_1_328' title='bbox 148 3325 248 3428; x_wconf 82' lang='lat' dir='ltr'>apud</span> <span class='ocrx_word' id='word_1_329' title='bbox 259 3327 422 3422; x_wconf 86' lang='lat' dir='ltr'>Latinos,</span> <span class='ocrx_word' id='word_1_330' title='bbox 437 3326 647 3404; x_wconf 88' lang='lat' dir='ltr'>Germanos</span> <span class='ocrx_word' id='word_1_331' title='bbox 678 3321 799 3422; x_wconf 85' lang='lat' dir='ltr'>Italos,</span> <span class='ocrx_word' id='word_1_332' title='bbox 813 3323 1007 3426; x_wconf 89' lang='lat' dir='ltr'>Hispanos,</span> <span class='ocrx_word' id='word_1_333' title='bbox 1032 3327 1215 3426; x_wconf 86' lang='lat' dir='ltr'>eleganter</span> <span class='ocrx_word' id='word_1_334' title='bbox 1236 3327 1484 3428; x_wconf 86' lang='lat' dir='ltr'>excogitatum</span> <span class='ocrx_word' id='word_1_335' title='bbox 1511 3328 1705 3424; x_wconf 81' lang='lat' dir='ltr'>inveneris,</span> <span class='ocrx_word' id='word_1_336' title='bbox 1827 3363 1829 3368; x_wconf 95' lang='lat'>·</span> 
     </span>
     <span class='ocr_line' id='line_1_31' title="bbox 73 3381 1773 3528; baseline 0.002 -32"><span class='ocrx_word' id='word_1_337' title='bbox 73 3423 121 3500; x_wconf 88' lang='lat' dir='ltr'>his</span> <span class='ocrx_word' id='word_1_338' title='bbox 139 3429 248 3502; x_wconf 84' lang='lat' dir='ltr'>timlis</span> <span class='ocrx_word' id='word_1_339' title='bbox 263 3422 533 3501; x_wconf 89' lang='lat' dir='ltr'>accommodari</span> <span class='ocrx_word' id='word_1_340' title='bbox 549 3381 676 3522; x_wconf 69' lang='lat' dir='ltr'>peresi.</span> <span class='ocrx_word' id='word_1_341' title='bbox 749 3425 770 3466; x_wconf 50' lang='grc' dir='ltr'>ὓ</span> <span class='ocrx_word' id='word_1_342' title='bbox 786 3421 1021 3498; x_wconf 86' lang='lat' dir='ltr'>Acincidtmt</span> <span class='ocrx_word' id='word_1_343' title='bbox 1039 3422 1222 3500; x_wconf 90' lang='lat' dir='ltr'>interdum</span> <span class='ocrx_word' id='word_1_344' title='bbox 1243 3423 1373 3522; x_wconf 87' lang='lat' dir='ltr'>aliqua,</span> <span class='ocrx_word' id='word_1_345' title='bbox 1385 3449 1468 3522; x_wconf 89' lang='lat' dir='ltr'>quae</span> <span class='ocrx_word' id='word_1_346' title='bbox 1497 3427 1630 3528; x_wconf 89' lang='lat' dir='ltr'>tuipse</span> <span class='ocrx_word' id='word_1_347' title='bbox 1652 3429 1703 3499; x_wconf 92' lang='lat' dir='ltr'>in·</span> <span class='ocrx_word' id='word_1_348' title='bbox 1727 3439 1773 3526; x_wconf 78' lang='lat'>38</span> 
     </span>
     <span class='ocr_line' id='line_1_32' title="bbox 71 3519 1722 3693; baseline 0.001 -97"><span class='ocrx_word' id='word_1_349' title='bbox 71 3529 228 3603; x_wconf 89' lang='lat' dir='ltr'>ventioni</span> <span class='ocrx_word' id='word_1_350' title='bbox 243 3537 352 3599; x_wconf 83' lang='lat' dir='ltr'>novae</span> <span class='ocrx_word' id='word_1_351' title='bbox 369 3529 646 3626; x_wconf 77' lang='lat' dir='ltr'>accommodare</span> <span class='ocrx_word' id='word_1_352' title='bbox 656 3519 782 3693; x_wconf 64' lang='lat' dir='ltr'>gallis,</span> <span class='ocrx_word' id='word_1_353' title='bbox 799 3520 844 3596; x_wconf 89' lang='lat' dir='ltr'>de</span> <span class='ocrx_word' id='word_1_354' title='bbox 859 3522 988 3618; x_wconf 87' lang='lat' dir='ltr'>quibus</span> <span class='ocrx_word' id='word_1_355' title='bbox 1008 3547 1084 3598; x_wconf 92' lang='lat' dir='ltr'>non</span> <span class='ocrx_word' id='word_1_356' title='bbox 1108 3523 1318 3623; x_wconf 80' lang='lat' dir='ltr'>cogitarunt</span> <span class='ocrx_word' id='word_1_357' title='bbox 1338 3525 1512 3622; x_wconf 84' lang='lat' dir='ltr'>Autores,</span> <span class='ocrx_word' id='word_1_358' title='bbox 1538 3549 1634 3622; x_wconf 89' lang='lat' dir='ltr'>quos</span> <span class='ocrx_word' id='word_1_359' title='bbox 1656 3527 1722 3598; x_wconf 90' lang='lat' dir='ltr'>le-·</span> 
     </span>
     <span class='ocr_line' id='line_1_33' title="bbox 72 3620 1855 3724; baseline 0.001 -26"><span class='ocrx_word' id='word_1_360' title='bbox 72 3625 129 3723; x_wconf 87' lang='lat' dir='ltr'>gis.</span> <span class='ocrx_word' id='word_1_361' title='bbox 177 3625 356 3700; x_wconf 85' lang='lat' dir='ltr'>Praeterea</span> <span class='ocrx_word' id='word_1_362' title='bbox 370 3645 416 3696; x_wconf 85' lang='lat' dir='ltr'>ex</span> <span class='ocrx_word' id='word_1_363' title='bbox 438 3642 567 3724; x_wconf 81' lang='lat' dir='ltr'>magna</span> <span class='ocrx_word' id='word_1_364' title='bbox 581 3620 639 3694; x_wconf 87' lang='lat' dir='ltr'>illa</span> <span class='ocrx_word' id='word_1_365' title='bbox 691 3625 846 3723; x_wconf 72' lang='lat' dir='ltr'>magiae,</span> <span class='ocrx_word' id='word_1_366' title='bbox 860 3643 942 3720; x_wconf 86' lang='lat' dir='ltr'>quae</span> <span class='ocrx_word' id='word_1_367' title='bbox 960 3646 1036 3696; x_wconf 91' lang='lat' dir='ltr'>uno</span> <span class='ocrx_word' id='word_1_368' title='bbox 1053 3623 1183 3700; x_wconf 89' lang='lat' dir='ltr'>intuitu</span> <span class='ocrx_word' id='word_1_369' title='bbox 1202 3621 1330 3699; x_wconf 88' lang='lat' dir='ltr'>ribiob</span> <span class='ocrx_word' id='word_1_370' title='bbox 1347 3627 1475 3702; x_wconf 90' lang='lat' dir='ltr'>oculos</span> <span class='ocrx_word' id='word_1_371' title='bbox 1491 3621 1636 3723; x_wconf 76' lang='lat' dir='ltr'>listintr,</span> <span class='ocrx_word' id='word_1_372' title='bbox 1656 3622 1704 3700; x_wconf 84' lang='lat' dir='ltr'>sa·</span> <span class='ocrx_word' id='word_1_373' title='bbox 1745 3653 1749 3683; x_wconf 75' lang='lat'><em>³</em></span> <span class='ocrx_word' id='word_1_374' title='bbox 1793 3641 1796 3648; x_wconf 77' lang='grc'><strong>’</strong></span> <span class='ocrx_word' id='word_1_375' title='bbox 1852 3670 1855 3679; x_wconf 73' lang='lat'><em>‹</em></span> 
     </span>
     <span class='ocr_line' id='line_1_34' title="bbox 73 3715 1703 3823; baseline 0.004 -30"><span class='ocrx_word' id='word_1_376' title='bbox 73 3723 129 3796; x_wconf 91' lang='lat' dir='ltr'>cile</span> <span class='ocrx_word' id='word_1_377' title='bbox 146 3721 279 3822; x_wconf 88' lang='lat' dir='ltr'>aliquid</span> <span class='ocrx_word' id='word_1_378' title='bbox 296 3719 479 3822; x_wconf 84' lang='lat' dir='ltr'>decerpas,</span> <span class='ocrx_word' id='word_1_379' title='bbox 492 3715 597 3818; x_wconf 88' lang='lat' dir='ltr'>quod</span> <span class='ocrx_word' id='word_1_380' title='bbox 613 3717 659 3794; x_wconf 90' lang='lat' dir='ltr'>ad</span> <span class='ocrx_word' id='word_1_381' title='bbox 675 3738 753 3793; x_wconf 89' lang='lat' dir='ltr'>rem</span> <span class='ocrx_word' id='word_1_382' title='bbox 767 3717 980 3822; x_wconf 83' lang='lat' dir='ltr'>praesentem</span> <span class='ocrx_word' id='word_1_383' title='bbox 994 3719 1107 3820; x_wconf 89' lang='lat' dir='ltr'>faciat,</span> <span class='ocrx_word' id='word_1_384' title='bbox 1124 3725 1184 3797; x_wconf 90' lang='lat' dir='ltr'>vel</span> <span class='ocrx_word' id='word_1_385' title='bbox 1203 3725 1300 3798; x_wconf 89' lang='lat' dir='ltr'>varia</span> <span class='ocrx_word' id='word_1_386' title='bbox 1314 3725 1511 3823; x_wconf 84' lang='lat' dir='ltr'>miscendo,</span> <span class='ocrx_word' id='word_1_387' title='bbox 1526 3728 1585 3802; x_wconf 89' lang='lat' dir='ltr'>vel</span> <span class='ocrx_word' id='word_1_388' title='bbox 1605 3745 1703 3802; x_wconf 84' lang='lat' dir='ltr'>nova</span> 
     </span>
     <span class='ocr_line' id='line_1_35' title="bbox 71 3815 1751 3924; baseline 0.004 -32"><span class='ocrx_word' id='word_1_389' title='bbox 71 3819 109 3894; x_wconf 88' lang='lat' dir='ltr'>ad</span> <span class='ocrx_word' id='word_1_390' title='bbox 125 3847 253 3898; x_wconf 90' lang='lat' dir='ltr'>corum</span> <span class='ocrx_word' id='word_1_391' title='bbox 270 3818 425 3922; x_wconf 88' lang='lat' dir='ltr'>speciem</span> <span class='ocrx_word' id='word_1_392' title='bbox 452 3815 707 3920; x_wconf 80' lang='lat' dir='ltr'>excogitando.</span> <span class='ocrx_word' id='word_1_393' title='bbox 781 3817 903 3896; x_wconf 85' lang='lat' dir='ltr'>L‘abor</span> <span class='ocrx_word' id='word_1_394' title='bbox 926 3821 984 3896; x_wconf 90' lang='lat' dir='ltr'>ille</span> <span class='ocrx_word' id='word_1_395' title='bbox 1004 3823 1242 3897; x_wconf 87' lang='lat' dir='ltr'>vehementer</span> <span class='ocrx_word' id='word_1_396' title='bbox 1293 3825 1431 3900; x_wconf 89' lang='lat' dir='ltr'>roderit</span> <span class='ocrx_word' id='word_1_397' title='bbox 1459 3827 1520 3924; x_wconf 85' lang='lat' dir='ltr'>illi,</span> <span class='ocrx_word' id='word_1_398' title='bbox 1546 3827 1646 3922; x_wconf 87' lang='lat' dir='ltr'>cujus</span> <span class='ocrx_word' id='word_1_399' title='bbox 1666 3827 1705 3898; x_wconf 92' lang='lat' dir='ltr'>in</span> <span class='ocrx_word' id='word_1_400' title='bbox 1747 3879 1751 3887; x_wconf 61' lang='grc'><strong>«</strong></span> 
     </span>
     <span class='ocr_line' id='line_1_36' title="bbox 72 3849 1704 4022; baseline 0.005 -34"><span class='ocrx_word' id='word_1_401' title='bbox 72 3919 283 3996; x_wconf 90' lang='lat' dir='ltr'>inveniendo</span> <span class='ocrx_word' id='word_1_402' title='bbox 301 3915 481 4021; x_wconf 77' lang='lat' dir='ltr'>phantasia</span> <span class='ocrx_word' id='word_1_403' title='bbox 497 3915 635 3996; x_wconf 84' lang='lat' dir='ltr'>tardior</span> <span class='ocrx_word' id='word_1_404' title='bbox 652 3915 719 4021; x_wconf 78' lang='lat' dir='ltr'>cll:</span> <span class='ocrx_word' id='word_1_405' title='bbox 746 3917 935 4022; x_wconf 77' lang='lat' dir='ltr'>ingenioso</span> <span class='ocrx_word' id='word_1_406' title='bbox 953 3943 1046 3998; x_wconf 90' lang='lat' dir='ltr'>vero</span> <span class='ocrx_word' id='word_1_407' title='bbox 1066 3945 1203 3998; x_wconf 84' lang='lat' dir='ltr'>novam</span> <span class='ocrx_word' id='word_1_408' title='bbox 1219 3849 1320 4000; x_wconf 64' lang='lat' dir='ltr'>duit</span> <span class='ocrx_word' id='word_1_409' title='bbox 1334 3919 1559 4000; x_wconf 78' lang='lat' dir='ltr'>occasionem</span> <span class='ocrx_word' id='word_1_410' title='bbox 1570 3923 1704 3998; x_wconf 89' lang='lat' dir='ltr'>adrem</span> 
     </span>
     <span class='ocr_line' id='line_1_37' title="bbox 71 4015 1770 4131; baseline 0.003 -39"><span class='ocrx_word' id='word_1_411' title='bbox 71 4017 372 4122; x_wconf 80' lang='lat' dir='ltr'>&amp;argumentum</span> <span class='ocrx_word' id='word_1_412' title='bbox 389 4017 492 4093; x_wconf 88' lang='lat' dir='ltr'>suum</span> <span class='ocrx_word' id='word_1_413' title='bbox 504 4015 720 4091; x_wconf 91' lang='lat' dir='ltr'>ornandum.</span> <span class='ocrx_word' id='word_1_414' title='bbox 774 4027 792 4054; x_wconf 75' lang='lat'>⁴*</span> <span class='ocrx_word' id='word_1_415' title='bbox 819 4017 1078 4096; x_wconf 88' lang='lat' dir='ltr'>Urhacetiam</span> <span class='ocrx_word' id='word_1_416' title='bbox 1101 4044 1203 4124; x_wconf 89' lang='lat' dir='ltr'>parte</span> <span class='ocrx_word' id='word_1_417' title='bbox 1212 4021 1397 4120; x_wconf 84' lang='lat' dir='ltr'>juventuti</span> <span class='ocrx_word' id='word_1_418' title='bbox 1406 4024 1524 4100; x_wconf 91' lang='lat' dir='ltr'>lucem</span> <span class='ocrx_word' id='word_1_419' title='bbox 1536 4021 1704 4098; x_wconf 87' lang='lat' dir='ltr'>accenda-</span> <span class='ocrx_word' id='word_1_420' title='bbox 1722 4056 1770 4131; x_wconf 78' lang='lat'>39</span> 
     </span>
     <span class='ocr_line' id='line_1_38' title="bbox 72 4111 1837 4224; baseline 0.005 -36"><span class='ocrx_word' id='word_1_421' title='bbox 72 4139 156 4216; x_wconf 88' lang='lat' dir='ltr'>mus,</span> <span class='ocrx_word' id='word_1_422' title='bbox 171 4111 377 4194; x_wconf 76' lang='lat' dir='ltr'>subneiiain</span> <span class='ocrx_word' id='word_1_423' title='bbox 393 4115 477 4192; x_wconf 89' lang='lat' dir='ltr'>huic</span> <span class='ocrx_word' id='word_1_424' title='bbox 492 4117 601 4216; x_wconf 90' lang='lat' dir='ltr'>capiti</span> <span class='ocrx_word' id='word_1_425' title='bbox 619 4137 683 4217; x_wconf 78' lang='lat' dir='ltr'>cap.</span> <span class='ocrx_word' id='word_1_426' title='bbox 706 4145 743 4190; x_wconf 73' lang='grc' dir='ltr'>ιι.</span> <span class='ocrx_word' id='word_1_427' title='bbox 764 4121 1015 4221; x_wconf 73' lang='lat' dir='ltr'>ilylan-uliqnam</span> <span class='ocrx_word' id='word_1_428' title='bbox 1037 4127 1261 4208; x_wconf 64' lang='lat' dir='ltr'>inventionum,</span> <span class='ocrx_word' id='word_1_429' title='bbox 1278 4121 1338 4198; x_wconf 88' lang='lat' dir='ltr'>sed</span> <span class='ocrx_word' id='word_1_430' title='bbox 1360 4141 1431 4224; x_wconf 88' lang='lat' dir='ltr'>per</span> <span class='ocrx_word' id='word_1_431' title='bbox 1454 4122 1611 4198; x_wconf 91' lang='lat' dir='ltr'>indicem</span> <span class='ocrx_word' id='word_1_432' title='bbox 1631 4143 1707 4196; x_wconf 85' lang='lat' dir='ltr'>tan·</span> <span class='ocrx_word' id='word_1_433' title='bbox 1744 4202 1749 4213; x_wconf 86' lang='lat'>.</span> <span class='ocrx_word' id='word_1_434' title='bbox 1821 4120 1837 4126; x_wconf 78' lang='grc'>”</span> 
     </span>
     <span class='ocr_line' id='line_1_39' title="bbox 72 4213 1705 4323; baseline 0.007 -36"><span class='ocrx_word' id='word_1_435' title='bbox 72 4234 141 4290; x_wconf 90' lang='lat' dir='ltr'>tum</span> <span class='ocrx_word' id='word_1_436' title='bbox 158 4243 177 4294; x_wconf 87' lang='lat' dir='ltr'>e</span> <span class='ocrx_word' id='word_1_437' title='bbox 193 4221 302 4293; x_wconf 89' lang='lat' dir='ltr'>variis</span> <span class='ocrx_word' id='word_1_438' title='bbox 318 4217 441 4293; x_wconf 74' lang='lat' dir='ltr'>Poetis</span> <span class='ocrx_word' id='word_1_439' title='bbox 459 4241 545 4292; x_wconf 89' lang='lat' dir='ltr'>mco</span> <span class='ocrx_word' id='word_1_440' title='bbox 561 4213 672 4292; x_wconf 68' lang='lat' dir='ltr'>ductu</span> <span class='ocrx_word' id='word_1_441' title='bbox 687 4218 731 4292; x_wconf 90' lang='lat' dir='ltr'>ab</span> <span class='ocrx_word' id='word_1_442' title='bbox 744 4219 819 4294; x_wconf 88' lang='lat' dir='ltr'>aliis</span> <span class='ocrx_word' id='word_1_443' title='bbox 842 4219 1063 4321; x_wconf 90' lang='lat' dir='ltr'>congestam,</span> <span class='ocrx_word' id='word_1_444' title='bbox 1081 4246 1151 4321; x_wconf 89' lang='lat' dir='ltr'>qua</span> <span class='ocrx_word' id='word_1_445' title='bbox 1165 4224 1228 4320; x_wconf 90' lang='lat' dir='ltr'>qui</span> <span class='ocrx_word' id='word_1_446' title='bbox 1241 4223 1295 4299; x_wconf 91' lang='lat' dir='ltr'>uti</span> <span class='ocrx_word' id='word_1_447' title='bbox 1307 4223 1396 4299; x_wconf 92' lang='lat' dir='ltr'>velit</span> <span class='ocrx_word' id='word_1_448' title='bbox 1421 4221 1582 4298; x_wconf 84' lang='lat' dir='ltr'>Antores</span> <span class='ocrx_word' id='word_1_449' title='bbox 1607 4220 1705 4323; x_wconf 88' lang='lat' dir='ltr'>ipsos</span> 
     </span>
     <span class='ocr_line' id='line_1_40' title="bbox 72 4281 1704 4424; baseline 0.009 -37"><span class='ocrx_word' id='word_1_450' title='bbox 72 4313 110 4387; x_wconf 83' lang='lat' dir='ltr'>ad</span> <span class='ocrx_word' id='word_1_451' title='bbox 128 4342 276 4410; x_wconf 80' lang='lat' dir='ltr'>nanum</span> <span class='ocrx_word' id='word_1_452' title='bbox 303 4315 436 4406; x_wconf 78' lang='lat' dir='ltr'>habere</span> <span class='ocrx_word' id='word_1_453' title='bbox 450 4315 589 4411; x_wconf 77' lang='lat' dir='ltr'>debet3</span> <span class='ocrx_word' id='word_1_454' title='bbox 610 4314 636 4390; x_wconf 85' lang='lat' dir='ltr'>fi</span> <span class='ocrx_word' id='word_1_455' title='bbox 656 4319 737 4415; x_wconf 77' lang='lat' dir='ltr'>quis</span> <span class='ocrx_word' id='word_1_456' title='bbox 764 4319 926 4410; x_wconf 74' lang='lat' dir='ltr'>Autores</span> <span class='ocrx_word' id='word_1_457' title='bbox 950 4319 1047 4420; x_wconf 87' lang='lat' dir='ltr'>ipsos</span> <span class='ocrx_word' id='word_1_458' title='bbox 1072 4347 1150 4400; x_wconf 90' lang='lat' dir='ltr'>noa</span> <span class='ocrx_word' id='word_1_459' title='bbox 1177 4321 1285 4398; x_wconf 87' lang='lat' dir='ltr'>habet</span> <span class='ocrx_word' id='word_1_460' title='bbox 1306 4347 1373 4424; x_wconf 91' lang='lat' dir='ltr'>per</span> <span class='ocrx_word' id='word_1_461' title='bbox 1392 4281 1517 4399; x_wconf 75' lang='lat' dir='ltr'>irena</span> <span class='ocrx_word' id='word_1_462' title='bbox 1536 4323 1704 4402; x_wconf 82' lang='lat' dir='ltr'>lemmata</span> 
     </span>
     <span class='ocr_line' id='line_1_41' title="bbox 72 4409 1704 4525; baseline 0.009 -39"><span class='ocrx_word' id='word_1_463' title='bbox 72 4409 237 4492; x_wconf 75' lang='lat' dir='ltr'>sumniam</span> <span class='ocrx_word' id='word_1_464' title='bbox 252 4417 477 4512; x_wconf 81' lang='lat' dir='ltr'>inventionis</span> <span class='ocrx_word' id='word_1_465' title='bbox 491 4419 696 4518; x_wconf 79' lang='lat' dir='ltr'>exprimere</span> <span class='ocrx_word' id='word_1_466' title='bbox 712 4423 860 4519; x_wconf 87' lang='lat' dir='ltr'>poterit.</span> <span class='ocrx_word' id='word_1_467' title='bbox 894 4419 1226 4523; x_wconf 51' lang='lat' dir='ltr'>¹Compendiosum</span> <span class='ocrx_word' id='word_1_468' title='bbox 1241 4425 1349 4517; x_wconf 83' lang='lat' dir='ltr'>etiam</span> <span class='ocrx_word' id='word_1_469' title='bbox 1373 4423 1425 4500; x_wconf 85' lang='lat' dir='ltr'>illi</span> <span class='ocrx_word' id='word_1_470' title='bbox 1438 4425 1521 4525; x_wconf 86' lang='lat' dir='ltr'>crit,</span> <span class='ocrx_word' id='word_1_471' title='bbox 1539 4422 1617 4524; x_wconf 91' lang='lat' dir='ltr'>qui·</span> <span class='ocrx_word' id='word_1_472' title='bbox 1628 4422 1704 4500; x_wconf 85' lang='lat' dir='ltr'>Au·</span> 
     </span>
     <span class='ocr_line' id='line_1_42' title="bbox 72 4513 1907 4706; baseline 0.01 -122"><span class='ocrx_word' id='word_1_473' title='bbox 72 4527 161 4592; x_wconf 87' lang='lat' dir='ltr'>tores</span> <span class='ocrx_word' id='word_1_474' title='bbox 174 4513 273 4619; x_wconf 86' lang='lat' dir='ltr'>ipsos</span> <span class='ocrx_word' id='word_1_475' title='bbox 284 4515 409 4616; x_wconf 84' lang='lat' dir='ltr'>habet,</span> <span class='ocrx_word' id='word_1_476' title='bbox 425 4513 452 4590; x_wconf 86' lang='lat' dir='ltr'>sr</span> <span class='ocrx_word' id='word_1_477' title='bbox 470 4514 568 4595; x_wconf 86' lang='lat' dir='ltr'>sorte</span> <span class='ocrx_word' id='word_1_478' title='bbox 583 4517 773 4621; x_wconf 79' lang='lat' dir='ltr'>perlegqre</span> <span class='ocrx_word' id='word_1_479' title='bbox 784 4522 936 4706; x_wconf 42' lang='grc' dir='ltr'>Ιίςιιιιξῆζιῖζ</span> <span class='ocrx_word' id='word_1_480' title='bbox 946 4519 1117 4601; x_wconf 86' lang='lat' dir='ltr'>Carmina</span> <span class='ocrx_word' id='word_1_481' title='bbox 1137 4523 1242 4602; x_wconf 74' lang='lat' dir='ltr'>aoht.</span> <span class='ocrx_word' id='word_1_482' title='bbox 1541 4569 1546 4575; x_wconf 88' lang='lat'><em>-</em></span> <span class='ocrx_word' id='word_1_483' title='bbox 1852 4582 1864 4619; x_wconf 45' lang='grc' dir='ltr'>ι</span> <span class='ocrx_word' id='word_1_484' title='bbox 1902 4595 1907 4602; x_wconf 90' lang='grc'>.</span> 
     </span>
     <span class='ocr_line' id='line_1_43' title="bbox 1879 4639 1907 4666; baseline 0 -15"><span class='ocrx_word' id='word_1_485' title='bbox 1879 4639 1907 4666; x_wconf 68' lang='grc'>,.</span> 
     </span>
    </p>
   </div>
   <div class='ocr_carea' id='block_1_6' title="bbox 962 4597 1726 4774">
    <p class='ocr_par' dir='ltr' id='par_1_11' title="bbox 962 4597 1726 4774">
     <span class='ocr_line' id='line_1_44' title="bbox 962 4597 1705 4722; baseline 0.001 -23"><span class='ocrx_word' id='word_1_486' title='bbox 962 4647 983 4722; x_wconf 81' lang='lat'>3</span> <span class='ocrx_word' id='word_1_487' title='bbox 1303 4680 1307 4688; x_wconf 67' lang='lat'>,</span> <span class='ocrx_word' id='word_1_488' title='bbox 1546 4597 1550 4605; x_wconf 33' lang='lat'><strong>¹</strong></span> <span class='ocrx_word' id='word_1_489' title='bbox 1576 4619 1705 4700; x_wconf 87' lang='lat' dir='ltr'>Solent</span> 
     </span>
     <span class='ocr_line' id='line_1_45' title="bbox 1665 4712 1726 4774; baseline 0 -2"><span class='ocrx_word' id='word_1_490' title='bbox 1665 4712 1726 4774; x_wconf 56' lang='lat' dir='ltr'>U</span> 
     </span>
    </p>
   </div>
   <div class='ocr_carea' id='block_1_7' title="bbox 0 0 1978 5234">
    <p class='ocr_par' dir='ltr' id='par_1_12' title="bbox 0 0 1978 5234">
     <span class='ocr_line' id='line_1_46' title="bbox 0 0 1978 5234; baseline 0 2"><span class='ocrx_word' id='word_1_491' title='bbox 0 0 1978 5234; x_wconf 95' lang='lat' dir='ltr'> </span> 
     </span>
    </p>
   </div>
  </div>
 </body>
</html>
