3950 5236
240 269 338 366 516'
367 270 403 320 w
706 339 710 347 ,
816 245 984 356 reatu.
1010 245 1123 333 rau.
1144 245 1224 328 ru.
1241 251 1287 330 ιι.

298 377 301 386 ¹
458 420 801 562 ·Re'sponsoria
817 418 875 546 ad
891 415 1173 546 Officiosam,
1192 457 1249 524 ex
1264 415 1674 562 lib.10'.'Epist.'11.‘.'

346 601 501 682 Obruor
518 621 669 676 tuorum
685 593 894 674 officiorum
908 584 1057 670 cumulo
1090 611 1142 690 ut,
1158 591 1247 690 quid
1263 593 1425 693 primum
1440 589 1715 694 postremamve
1734 587 1894 688 laudem,

238 728 321 783 non
338 703 530 776 inveniam.
580 695 738 796 Singulis
755 695 853 770 enim
866 717 926 766 me
942 653 1128 768 reddidisti
1142 691 1207 766 tibi
1221 691 1439 789 obnoxium,
1451 715 1561 790 atque
1584 693 1633 768 ita
1653 713 1771 786 tuum,
1798 690 1894 765 ut&

244 799 459 908 possessione
473 799 510 874 dt
526 795 589 872 usu
602 795 669 872 tibi
682 793 807 868 videar
821 789 1091 892 mancipandus.
1142 791 1301 887 Falleris,
1313 786 1339 864 fi
1353 793 1486 892 gratias
1500 815 1520 866 a
1532 815 1592 866 me
1605 787 1792 891 exspeslas
1802 810 1895 883 ;tan·

187 946 190 964 ·
244 927 281 980 ta
295 903 392 977 enim
407 921 467 974 tua
481 894 560 972 suut
576 891 762 991 beneficia,
780 915 822 968 ut
841 915 901 966 me
916 893 1102 992 elinguem
1128 889 1294 984 reddant,
1319 887 1357 964 ἃ
1379 892 1417 966 in
1439 913 1569 964 eorum
1585 890 1809 992 cogitatione
1824 909 1895 964 rara

244 1026 337 1099 tum,
352 1021 436 1074 cum
455 996 567 1072 verba
581 993 673 1068 mihi
688 994 862 1090 haereant,
884 989 1057 1065 defixum.
1109 987 1215 1092 Qrid
1230 988 1391 1066 enimad
1407 988 1625 1066 beneficium
1639 1009 1743 1064 tuum
1757 985 1895 1064 hocad-

190 1111 194 1120 “
244 1101 283 1178 di
299 1093 446 1200 potest?
477 1098 568 1171 cum*
578 1095 674 1168 enim
687 1117 707 1166 a
721 1117 781 1169 me
798 1089 1100 1193 fugerent-amici,
1117 1086 1341 1189 trepidarent
1357 1111 1498 1188 omnes,
1514 1088 1683 1186 quintilli
1698 1109 1897 1165 erantcon·

168 1223 171 1234 ·
240 1185 467 1300 ¹junsl'tssrmi,
484 1217 524 1270 tu
538 1191 633 1288 solus
654 1210 689 1269 te
703 1191 806 1280 'saluti
835 1213 926 1266 meae
941 1184 1160 1288 impendisti,
1181 1187 1219 1263 δι
1246 1211 1331 1264 cum
1355 1186 1534 1264 timidein
1551 1187 1716 1264 medium
1737 1188 1895 1264 consula

244 1320 329 1384 rent
343 1286 522 1391 nonnulli,
536 1316 574 1368 tu
590 1313 710 1367 tamen
730 1291 844 1391 inme
858 1287 1021 1386 juvando
1036 1287 1280 1388 principatum
1297 1285 1453 1363 tenuisti·
1498 1285 1560 1364 De
1571 1286 1741 1384 fortunis,
1757 1286 1894 1386 devita,

138 1419 143 1428 ·
247 1396 294 1473 de
310 1396 484 1499 dignitate
500 1415 579 1466 mea
592 1389 863 1474 decernendum
878 1409 964 1483 erat,
984 1388 1026 1462 iis
1042 1409 1107 1462 tuo
1121 1383 1303 1460 beneficio
1326 1385 1431 1462 fruor
1452 1385 1592 1462 intaslis
1616 1407 1726 1483 atque
1747 1388 1896 1461 inteme-

132 1487 137 1496 ’
246 1499 345 1572 ratis.
395 1488 624 1570 intervenisti
642 1491 753 1586 enim,
766 1510 808 1564 ut
828 1485 1026 1562 emachina
1041 1485 1154 1580 Deus,
1168 1509 1214 1560 eo
1232 1506 1414 1596 tempore,
1450 1511 1527 1584 quo
1545 1487 1697 1560 minime
1719 1483 1896 1586 exspesia-

206 1607 209 1619 '
246 1595 344 1694 bam,
369 1618 415 1670 eo
430 1593 529 1688 loco,
545 1613 621 1686 quo
638 1609 699 1662 tua
716 1588 886 1664 autoritas
900 1586 1010 1660 unico
1026 1583 1118 1659 mihi
1131 1581 1200 1660 fuit
1215 1583 1397 1684 praeludio.
1450 1581 1583 1684 Qraesr
1602 1609 1747 1660 mecum
1762 1606 1896 1684 reputo

248 1698 383 1791 omnia,
402 1713 571 1792 parurne
601 1713 625 1762 o
642 1684 758 1761 fecisse
772 1683 941 1780 videbor,
976 1680 1083 1760 fivel
1106 1683 1219 1758 vitam
1238 1681 1351 1782 ipsam
1373 1708 1445 1786 pro
1463 1705 1501 1758 te
1521 1681 1740 1784 profudero.
1791 1685 1898 1758 Nihil

249 1792 301 1868 est
318 1797 488 1868 meorum
519 1813 544 1864 o
580 1789 752 1883 ciorum,
792 1805 924 1882 quanta
938 1782 1044 1858 ctiam
1058 1781 1114 1856 illa
1134 1779 1214 1878 stur,
1241 1781 1373 1878 quibus
1392 1781 1500 1858 ullam
1513 1783 1731 1858 meritorum
1746 1805 1896 1860 tuorum

142 1899 161 1948 ’-
297 1913 390 1966 rtem
406 1887 496 1963 mihi
516 1886 641 1961 videar
656 1883 836 1959 assecutus.
887 1881 945 1958 De
963 1889 1010 1954 eo'
1030 1879 1233 1956 sancanimi
1247 1879 1596 1981 ang0r‚.vivendum
1611 1885 1917 1978 atquemoricn·'

246 1917 339 2064 ἔξω
355 1985 447 2061 mibi
462 1983 531 2058 esse
545 1987 701 2083 ingrato.
750 1981 813 2054 Tu
828 2004 934 2076 vero,
950 2003 1037 2074 quae
1047 2001 1107 2054 tua
1123 1978 1329 2080 benignitas
1346 1979 1407 2078 est,
1416 1981 1575 2056 animum
1583 1981 1686 2068 ‚hunc
1701 1983 1830 2082 potius
1838 2003 1901 2056 no·

143 2099 146 2106 “
174 2115 177 2124 ·
249 2086 365 2162 sirum
381 2083 559 2183 respicies,
573 2105 680 2177 quam
697 2075 804 2154 ullam
821 2078 914 2154 bene
927 2075 973 2150 de
994 2099 1030 2150 te
1046 2076 1211 2151 merendi
1233 2075 1448 2176 facultatem,
1462 2078 1578 2158 divim
1595 2082 1632 2153 in
1652 2101 1699 2156 eo
1719 2081 1898 2156 Numinis

245 2185 450 2262 bonitatem
464 2182 637 2276 imitatus,
648 2201 732 2253 cum
746 2180 794 2252 ita
807 2199 937 2252 omnes
956 2172 1152 2252 virtutibus
1169 2177 1238 2250 ruis
1246 2175 1540 2280 supergredieris,
1553 2201 1595 2254 ut
1608 2179 1776 2256 tenuibus
1793 2184 1902 2256 etiarn

247 2283 379 2360 officiis
394 2281 540 2382 solaque
553 2281 733 2356 virtutum
749 2299 894 2354 tuarum
914 2276 1093 2357 memoria
1108 2273 1156 2372 ,δι
1171 2273 1431 2378 predicatione
1456 2277 1521 2356 tibi
1540 2275 1759 2364 satissasiutn
1780 2303 1898 2383 putes.

245 2381 349 2460 Vale.
740 2443 747 2452 .
1464 2434 1509 2444 ·‹
1674 2461 1683 2471 .

181 2593 235 2655 ιο
445 2551 449 2557 ’
482 2537 830 2678 Conciliatoria,
842 2579 901 2656 ex
917 2530 1138 2692 Epist.17·
1156 2525 1298 2658 lilia
1311 2547 1416 2704 cie
1429 2523 1487 2658 ad
1501 2528 1660 2680 Famd.

342 2791 455 2868 Nulla
470 2792 564 2868 mihi
577 2789 654 2869 dies
669 2790 754 2892 abit,
771 2790 924 2891 quiade
941 2810 978 2866 te
990 2789 1168 2892 cogitem:
1202 2791 1251 2867 ira
1266 2791 1429 2870 animum
1443 2797 1766 2899 meumoccupasti
1781 2805 1897 2878 nomi·

251 2896 309 2974 nis
325 2896 379 2971 tui
392 2895 581 2990 memoria,
594 2915 636 2968 ut
650 2915 728 2975 tum
744 2891 895 2968 demum
910 2889 1064 2968 suaviter
1078 2913 1139 2966 me
1154 2889 1282 2970 vivere
1299 2913 1439 2990 putem,
1453 2889 1479 2966 st
1495 2914 1558 2968 tua
1573 2895 1665 2970 mihi
1681 2898 1897 2977 obversentr

140 3053 142 3060 .
253 2999 391 3096 imago,
408 3014 449 3066 ut
463 2991 601 3065 summe
617 2991 777 3087 humani,
795 2989 995 3066 itasummc
1006 2986 1109 3064 dosii
1121 2987 1296 3087 hominis,
1317 2987 1654 3092 &paternaetiam
1674 2997 1898 3086 necessitudi-

234 3105 300 3168 .ne'
316 3086 616 3185 mihiconjunsli.
664 3087 737 3162 Sed
759 3112 833 3190 ego
856 3087 1093 3189 propioribus
1116 3087 1212 3165 malo
1235 3087 1467 3166 causrstuam
1487 3091 1626 3167 ambire
1647 3097 1841 3174 amicitiam
1860 3101 1897 3176 dt
1973 3143 1974 3146 ¹

238 3188 430 3285 savorem,
445 3211 556 3284 quam
571 3187 784 3288 longinquis
798 3186 877 3285 illis,
894 3188 931 3261 dt
946 3210 1028 3282 quae
1041 3186 1226 3261 mihicum
1243 3187 1407 3288 pluribus
1424 3187 1491 3266 esse
1505 3189 1653 3290 possunt
1670 3219 1897 3274 communes.
1973 3233 1974 3240 ¹

249 3289 447 3366 Scilicetut
466 3283 745 3386 praestantissima
761 3283 880 3360 forma
895 3283 1008 3385 perse
1026 3284 1132 3359 allicit
1146 3307 1337 3385 amatores,
1353 3289 1391 3364 δι
1403 3288 1455 3364 sui
1475 3295 1748 3369 venerationem
1770 3299 1898 3374 incutit

211 3379 436 3482 '.0muibus,
451 3385 498 3460 ita
512 3383 754 3486 pulcherrima
767 3384 823 3459 illa
836 3386 1014 3460 virtutum
1029 3404 1171 3460 tatarum
1191 3385 1242 3459 im
1292 3411 1318 3461 o
1336 3386 1438 3462 facile
1461 3389 1639 3466 inanimo
1663 3415 1750 3470 meo
1778 3401 1898 3493 quoti·

240 3483 373 3560 dianas
383 3484 457 3560 illas
470 3481 608 3560 formas
623 3481 737 3576 delet3
761 3505 858 3559 certe
873 3509 951 3559 non
966 3481 1235 3560 tamefficacitcr
1250 3486 1256 3499 '
1286 3489 1561 3564 aememovctir.
1608 3489 1761 3570 Acccdo
1776 3496 1897 3594 itaque

233 3627 236 3630 ·
251 3583 298 3660 ad
309 3605 355 3680 te,
395 3582 464 3658 uasr
476 3582 645 3658 Herculis
663 3581 849 3680 cujusdam
863 3583 993 3658 Gallici
1004 3583 1136 3656 catenis
1149 3603 1281 3682 raptus,
1292 3608 1401 3684 atque
1416 3589 1489 3662 tuis
1501 3611 1562 3663 me
1578 3588 1896 3694 tibicompedibus

250 3609 465 3760 obstabunt
485 3679 580 3780 stst0,
600 3703 636 3756 te
650 3703 782 3779 tuaque
797 3682 957 3780 confilia‚‘
967 3705 1044 3779 quo
1060 3704 1119 3755 me
1134 3684 1296 3780 traxeriS,
1310 3682 1525 3762 secuturum.
1576 3687 1895 3862 ondstffillam,

237 3807 333 3882 .quat
350 3782 508 3859 tibi'cum
523 3800 672 3954 parente
681 3777 882 3879 intercessit,
893 3778 1189 3878 conjunsiionem
1204 3782 1467 3953 alippohabere
1481 3785 1565 3861 loco
1580 3791 1683 3887 veis,
1701 3794 1808 3867 etiam
1819 3793 1897 3869 haec

249 3905 286 3962 te
307 3879 404 3958 causa
421 3883 471 3956 im
501 3905 521 3956 e
546 3901 596 3979 et,
614 3900 659 3953 ut
672 3879 711 3955 dt
725 3877 841 3954 filium
855 3881 892 3956 in
906 3877 1069 3978 ejusdem
1082 3880 1245 3954 amicitia
1289 3881 1514 3960 aereditatem
1527 3883 1703 3966 admittas.
1736 3889 1821 3967 Hac
1836 3896 1897 3968 ita-

279 4006 323 4056 ue
340 3980 454 4057 fretus
473 3906 603 4056 bducia
615 3999 648 4054 tc
661 3979 752 4054 mihi
766 4001 965 4082 patronum
977 3976 1108 4079 delegi,
1119 3979 1284 4065 imointe
1296 3981 1454 4060 colendo
1465 3985 1618 4083 patriam
1626 3987 1718 4064 mihi
1725 3990 1896 4068 constitui

202 4121 208 4130 ·
247 4010 486 4158 damnitatem:
514 4079 578 4155 tibi
590 4103 648 4154 res
663 4101 759 4154 meas
774 4078 982 4181 dirigendas
996 4076 1247 4174 ornandasque
1262 4079 1386 4174 trad03
1407 4082 1483 4177 tibi,
1497 4103 1539 4158 ut
1553 4079 1667 4162 studia
1686 4111 1766 4164 mea
1779 4089 1894 4166 const·

249 4182 305 4256 liis
309 4183 428 4280 juves,
436 4201 476 4257 ut
495 4179 637 4256 cursum
653 4179 865 4275 exitumque
882 4177 1027 4251 illorum
1035 4175 1199 4275 defignes
1225 4176 1400 4278 supplico.
1451 4181 1539 4283 Qta
1561 4179 1725 4262 inanimi
1745 4187 1896 4266 flusiua·

245 4278 384 4377 tionesr
400 4301 438 4353 tu
456 4301 626 4376 tanquam
642 4273 962 4372 beneficumlidus
985 4275 1076 4349 mihi
1097 4235 1284 4376 affulsdris,
1322 4301 1475 4378 portum
1495 4305 1536 4355 ac
1556 4303 1691 4357 metam
1711 4309 1894 4366 votorum

245 4402 416 4454 meorum
431 4378 522 4452 mihi
538 4376 669 4451 videor
682 4373 862 4448 assecutus.
913 4375 970 4449 Ac
987 4374 1118 4448 videor
1141 4373 1232 4449 mihi
1245 4375 1371 4450 videre
1385 4399 1543 4478 tempus,
1553 4404 1629 4478 quo
1643 4383 1682 4456 in
1696 4384 1772 4461 hoc
1780 4391 1894 4466 virtu·

232 4476 537 4560 moltonnum
550 4477 682 4555 arnna
699 4475 907 4576 certandae,
922 4496 957 4552 tc
970 4475 1179 4602 hortatore,
1205 4471 1414 4576 ttiusnpbos
1433 4500 1547 4580 agam.
1596 4479 1719 4564 Totus
1741 4487 1892 4564 interim
1971 4571 1972 4579 Ν

1715 4610 1717 4619 ’
1816 4611 1892 4694 ego

176 499 269 572 19,
