<?xml version="1.0" encoding="UTF-8"?>
<!DOCTYPE html PUBLIC "-//W3C//DTD XHTML 1.0 Transitional//EN"
    "http://www.w3.org/TR/xhtml1/DTD/xhtml1-transitional.dtd">
<html xmlns="http://www.w3.org/1999/xhtml" xml:lang="en" lang="en">
 <head>
  <title>
</title>
<meta http-equiv="Content-Type" content="text/html;charset=utf-8" />
  <meta name='ocr-system' content='tesseract 3.04.00' />
  <meta name='ocr-capabilities' content='ocr_page ocr_carea ocr_par ocr_line ocrx_word'/>
</head>
<body>
  <div class='ocr_page' id='page_1' title='image "./polyhistorliter00fabrgoog/polyhistorliter00fabrgoog_0844.png"; bbox 0 0 3910 5234; ppageno 0'>
   <div class='ocr_carea' id='block_1_1' title="bbox 9 17 258 120">
    <p class='ocr_par' dir='ltr' id='par_1_1' title="bbox 9 17 258 120">
     <span class='ocr_line' id='line_1_1' title="bbox 9 17 258 120; baseline -0.008 1"><span class='ocrx_word' id='word_1_1' title='bbox 9 17 258 120; x_wconf 67' lang='grc' dir='ltr'>Γ</span> 
     </span>
    </p>
   </div>
   <div class='ocr_carea' id='block_1_2' title="bbox 531 265 1720 652">
    <p class='ocr_par' dir='ltr' id='par_1_2' title="bbox 531 265 1720 652">
     <span class='ocr_line' id='line_1_2' title="bbox 531 265 1720 402; baseline 0.006 -27"><span class='ocrx_word' id='word_1_2' title='bbox 531 265 535 271; x_wconf 14' lang='grc'><strong><em>1</em></strong></span> <span class='ocrx_word' id='word_1_3' title='bbox 611 299 696 402; x_wconf 73' lang='lat' dir='ltr'>(lep.</span> <span class='ocrx_word' id='word_1_4' title='bbox 713 295 780 381; x_wconf 87' lang='lat' dir='ltr'>W.</span> <span class='ocrx_word' id='word_1_5' title='bbox 804 295 864 376; x_wconf 78' lang='lat' dir='ltr'>lle</span> <span class='ocrx_word' id='word_1_6' title='bbox 891 296 1025 401; x_wconf 76' lang='lat' dir='ltr'>diriguit</span> <span class='ocrx_word' id='word_1_7' title='bbox 1047 292 1181 377; x_wconf 76' lang='lat' dir='ltr'>Gracc.</span> <span class='ocrx_word' id='word_1_8' title='bbox 1649 319 1720 402; x_wconf 79' lang='lat'>781</span> 
     </span>
     <span class='ocr_line' id='line_1_3' title="bbox 1594 571 1711 652; baseline -0.017 0"><span class='ocrx_word' id='word_1_9' title='bbox 1594 583 1599 596; x_wconf 90' lang='lat'>&#39;</span> <span class='ocrx_word' id='word_1_10' title='bbox 1659 571 1711 652; x_wconf 78' lang='lat' dir='ltr'>eli</span> 
     </span>
    </p>
   </div>
   <div class='ocr_carea' id='block_1_3' title="bbox 10 455 1938 1662">
    <p class='ocr_par' dir='ltr' id='par_1_3' title="bbox 10 455 1720 574">
     <span class='ocr_line' id='line_1_4' title="bbox 10 455 1720 574; baseline 0.005 -28"><span class='ocrx_word' id='word_1_11' title='bbox 10 517 11 520; x_wconf 18' lang='grc' dir='ltr'><strong><em>κ</em></strong></span> <span class='ocrx_word' id='word_1_12' title='bbox 83 471 285 574; x_wconf 84' lang='lat' dir='ltr'>ligeionim</span> <span class='ocrx_word' id='word_1_13' title='bbox 299 465 517 546; x_wconf 79' lang='lat' dir='ltr'>carminibus</span> <span class='ocrx_word' id='word_1_14' title='bbox 540 455 702 568; x_wconf 81' lang='lat' dir='ltr'>praefert,</span> <span class='ocrx_word' id='word_1_15' title='bbox 731 467 769 544; x_wconf 80' lang='lat' dir='ltr'>dt</span> <span class='ocrx_word' id='word_1_16' title='bbox 788 461 876 570; x_wconf 72' lang='lat' dir='ltr'>‘ipsis</span> <span class='ocrx_word' id='word_1_17' title='bbox 901 469 1058 567; x_wconf 81' lang='lat' dir='ltr'>antiquis</span> <span class='ocrx_word' id='word_1_18' title='bbox 1083 465 1229 544; x_wconf 89' lang='lat' dir='ltr'>dubiam</span> <span class='ocrx_word' id='word_1_19' title='bbox 1254 467 1408 546; x_wconf 81' lang='lat' dir='ltr'><strong>reddere</strong></span> <span class='ocrx_word' id='word_1_20' title='bbox 1432 469 1535 572; x_wconf 85' lang='lat' dir='ltr'>posse</span> <span class='ocrx_word' id='word_1_21' title='bbox 1589 473 1720 554; x_wconf 87' lang='lat' dir='ltr'>almam</span> 
     </span>
    </p>

    <p class='ocr_par' dir='ltr' id='par_1_4' title="bbox 82 494 1720 770">
     <span class='ocr_line' id='line_1_5' title="bbox 82 494 1639 672; baseline 0.001 -28"><span class='ocrx_word' id='word_1_22' title='bbox 82 567 203 644; x_wconf 87' lang='lat' dir='ltr'>censet.</span> <span class='ocrx_word' id='word_1_23' title='bbox 253 567 420 672; x_wconf 90' lang='lat' dir='ltr'>Optimis</span> <span class='ocrx_word' id='word_1_24' title='bbox 445 591 538 643; x_wconf 86' lang='lat' dir='ltr'>vero</span> <span class='ocrx_word' id='word_1_25' title='bbox 564 569 639 667; x_wconf 83' lang='lat' dir='ltr'>ejus</span> <span class='ocrx_word' id='word_1_26' title='bbox 672 567 905 668; x_wconf 72' lang='lat' dir='ltr'>poematibus</span> <span class='ocrx_word' id='word_1_27' title='bbox 928 565 1143 643; x_wconf 84' lang='lat' dir='ltr'>accensenda</span> <span class='ocrx_word' id='word_1_28' title='bbox 1167 569 1335 668; x_wconf 83' lang='lat' dir='ltr'><strong>inprimis</strong></span> <span class='ocrx_word' id='word_1_29' title='bbox 1360 573 1465 646; x_wconf 87' lang='lat' dir='ltr'>eriam</span> <span class='ocrx_word' id='word_1_30' title='bbox 1485 494 1639 670; x_wconf 55' lang='lat' dir='ltr'>saladini</span> 
     </span>
     <span class='ocr_line' id='line_1_6' title="bbox 109 663 1720 770; baseline 0.006 -28"><span class='ocrx_word' id='word_1_31' title='bbox 109 665 265 746; x_wconf 83' lang='lat' dir='ltr'>urillimo</span> <span class='ocrx_word' id='word_1_32' title='bbox 279 667 385 746; x_wconf 92' lang='lat' dir='ltr'>versu</span> <span class='ocrx_word' id='word_1_33' title='bbox 395 665 532 742; x_wconf 77' lang='lat' dir='ltr'>Graeco</span> <span class='ocrx_word' id='word_1_34' title='bbox 545 665 610 742; x_wconf 90' lang='lat' dir='ltr'>scri</span> <span class='ocrx_word' id='word_1_35' title='bbox 640 665 785 766; x_wconf 88' lang='lat' dir='ltr'>ra,&amp;ad</span> <span class='ocrx_word' id='word_1_36' title='bbox 800 663 975 742; x_wconf 86' lang='lat' dir='ltr'>invidiam</span> <span class='ocrx_word' id='word_1_37' title='bbox 987 689 1102 764; x_wconf 82' lang='lat' dir='ltr'>usque</span> <span class='ocrx_word' id='word_1_38' title='bbox 1118 665 1246 742; x_wconf 87' lang='lat' dir='ltr'>nitida:</span> <span class='ocrx_word' id='word_1_39' title='bbox 1271 670 1330 743; x_wconf 90' lang='lat' dir='ltr'>cui</span> <span class='ocrx_word' id='word_1_40' title='bbox 1337 669 1589 770; x_wconf 85' lang='lat' dir='ltr'>praefationem</span> <span class='ocrx_word' id='word_1_41' title='bbox 1597 676 1635 750; x_wconf 92' lang='lat' dir='ltr'>in</span> <span class='ocrx_word' id='word_1_42' title='bbox 1648 675 1720 752; x_wconf 89' lang='lat' dir='ltr'>lau·</span> 
     </span>
    </p>

    <p class='ocr_par' dir='ltr' id='par_1_5' title="bbox 75 691 1938 1662">
     <span class='ocr_line' id='line_1_7' title="bbox 80 691 1760 876; baseline 0.006 -36"><span class='ocrx_word' id='word_1_43' title='bbox 80 693 139 842; x_wconf 78' lang='lat' dir='ltr'>des</span> <span class='ocrx_word' id='word_1_44' title='bbox 152 767 412 846; x_wconf 89' lang='lat' dir='ltr'>Rhodomanni</span> <span class='ocrx_word' id='word_1_45' title='bbox 425 765 570 844; x_wconf 84' lang='lat' dir='ltr'>effusam</span> <span class='ocrx_word' id='word_1_46' title='bbox 585 691 700 842; x_wconf 74' lang='lat' dir='ltr'>adici.</span> <span class='ocrx_word' id='word_1_47' title='bbox 713 763 890 840; x_wconf 88' lang='lat' dir='ltr'>Neander</span> <span class='ocrx_word' id='word_1_48' title='bbox 906 765 1074 866; x_wconf 78' lang='lat' dir='ltr'>praefixit.</span> <span class='ocrx_word' id='word_1_49' title='bbox 1137 765 1237 842; x_wconf 85' lang='lat' dir='ltr'>Inter</span> <span class='ocrx_word' id='word_1_50' title='bbox 1256 789 1372 844; x_wconf 86' lang='lat' dir='ltr'>cetera</span> <span class='ocrx_word' id='word_1_51' title='bbox 1390 769 1521 844; x_wconf 85' lang='lat' dir='ltr'>Graeca</span> <span class='ocrx_word' id='word_1_52' title='bbox 1540 773 1616 869; x_wconf 87' lang='lat' dir='ltr'>ejus</span> <span class='ocrx_word' id='word_1_53' title='bbox 1632 783 1721 876; x_wconf 75' lang='lat' dir='ltr'>poe·</span> <span class='ocrx_word' id='word_1_54' title='bbox 1755 861 1760 869; x_wconf 47' lang='grc'>,</span> 
     </span>
     <span class='ocr_line' id='line_1_8' title="bbox 79 861 1719 971; baseline 0.006 -32"><span class='ocrx_word' id='word_1_55' title='bbox 79 887 170 944; x_wconf 88' lang='lat' dir='ltr'>mata</span> <span class='ocrx_word' id='word_1_56' title='bbox 193 867 418 965; x_wconf 74' lang='lat' dir='ltr'>nicomiassi&#39;con</span> <span class='ocrx_word' id='word_1_57' title='bbox 441 889 593 964; x_wconf 90' lang='lat' dir='ltr'>quoque</span> <span class='ocrx_word' id='word_1_58' title='bbox 614 889 740 938; x_wconf 83' lang='lat' dir='ltr'>carmen</span> <span class='ocrx_word' id='word_1_59' title='bbox 762 865 800 939; x_wconf 90' lang='lat' dir='ltr'>in</span> <span class='ocrx_word' id='word_1_60' title='bbox 825 887 1096 966; x_wconf 68' lang='lat' dir='ltr'>preceptorem</span> <span class='ocrx_word' id='word_1_61' title='bbox 1118 861 1236 964; x_wconf 88' lang='lat' dir='ltr'>suum,</span> <span class='ocrx_word' id='word_1_62' title='bbox 1254 865 1470 942; x_wconf 78' lang='lat' dir='ltr'>Michaelem</span> <span class='ocrx_word' id='word_1_63' title='bbox 1487 869 1719 971; x_wconf 87' lang='lat' dir='ltr'>Neandrum,</span> 
     </span>
     <span class='ocr_line' id='line_1_9' title="bbox 79 961 1720 1066; baseline 0.005 -29"><span class='ocrx_word' id='word_1_64' title='bbox 79 985 183 1064; x_wconf 86' lang='lat' dir='ltr'>extat,</span> <span class='ocrx_word' id='word_1_65' title='bbox 207 967 333 1066; x_wconf 88' lang='lat' dir='ltr'>(quem</span> <span class='ocrx_word' id='word_1_66' title='bbox 353 965 493 1064; x_wconf 91' lang='lat' dir='ltr'>scilicet,</span> <span class='ocrx_word' id='word_1_67' title='bbox 510 961 589 1066; x_wconf 93' lang='lat' dir='ltr'>ipso</span> <span class='ocrx_word' id='word_1_68' title='bbox 604 963 785 1040; x_wconf 90' lang='lat' dir='ltr'>Neandro</span> <span class='ocrx_word' id='word_1_69' title='bbox 804 963 903 1063; x_wconf 87' lang='lat' dir='ltr'>telle,</span> <span class='ocrx_word' id='word_1_70' title='bbox 929 966 1104 1040; x_wconf 87' lang='lat' dir='ltr'>inaniore</span> <span class='ocrx_word' id='word_1_71' title='bbox 1122 962 1265 1066; x_wconf 81' lang='lat' dir='ltr'>semper</span> <span class='ocrx_word' id='word_1_72' title='bbox 1294 965 1438 1066; x_wconf 87' lang='lat' dir='ltr'>habere,</span> <span class='ocrx_word' id='word_1_73' title='bbox 1460 987 1587 1044; x_wconf 87' lang='lat' dir='ltr'>amore</span> <span class='ocrx_word' id='word_1_74' title='bbox 1610 971 1720 1046; x_wconf 88' lang='lat' dir='ltr'>etiam</span> 
     </span>
     <span class='ocr_line' id='line_1_10' title="bbox 79 1061 1734 1168; baseline 0.004 -28"><span class='ocrx_word' id='word_1_75' title='bbox 79 1063 289 1143; x_wconf 85' lang='lat' dir='ltr'>&amp;sermone</span> <span class='ocrx_word' id='word_1_76' title='bbox 317 1089 505 1164; x_wconf 85' lang='lat' dir='ltr'>nunquam</span> <span class='ocrx_word' id='word_1_77' title='bbox 528 1061 656 1164; x_wconf 88' lang='lat' dir='ltr'>desiit,)</span> <span class='ocrx_word' id='word_1_78' title='bbox 680 1063 870 1164; x_wconf 86' lang='lat' dir='ltr'>prolixum</span> <span class='ocrx_word' id='word_1_79' title='bbox 894 1087 972 1139; x_wconf 90' lang='lat' dir='ltr'>non</span> <span class='ocrx_word' id='word_1_80' title='bbox 993 1066 1114 1158; x_wconf 85' lang='lat' dir='ltr'>minue</span> <span class='ocrx_word' id='word_1_81' title='bbox 1141 1087 1181 1139; x_wconf 89' lang='lat' dir='ltr'>ac</span> <span class='ocrx_word' id='word_1_82' title='bbox 1207 1069 1410 1168; x_wconf 74' lang='lat' dir='ltr'>egregium,</span> <span class='ocrx_word' id='word_1_83' title='bbox 1435 1065 1538 1165; x_wconf 91' lang='lat' dir='ltr'>quod</span> <span class='ocrx_word' id='word_1_84' title='bbox 1563 1071 1601 1144; x_wconf 90' lang='lat' dir='ltr'>in</span> <span class='ocrx_word' id='word_1_85' title='bbox 1621 1061 1734 1146; x_wconf 75' lang='lat' dir='ltr'>libro&#39;</span> 
     </span>
     <span class='ocr_line' id='line_1_11' title="bbox 77 1161 1718 1266; baseline 0.005 -30"><span class='ocrx_word' id='word_1_86' title='bbox 77 1162 147 1260; x_wconf 84' lang='lat' dir='ltr'>ejus</span> <span class='ocrx_word' id='word_1_87' title='bbox 162 1165 216 1240; x_wconf 90' lang='lat' dir='ltr'>Ph</span> <span class='ocrx_word' id='word_1_88' title='bbox 247 1163 319 1241; x_wconf 88' lang='lat' dir='ltr'>sico</span> <span class='ocrx_word' id='word_1_89' title='bbox 342 1166 532 1266; x_wconf 88' lang='lat' dir='ltr'>reperitur.</span> <span class='ocrx_word' id='word_1_90' title='bbox 601 1162 791 1260; x_wconf 89' lang='lat' dir='ltr'>Ceterum,</span> <span class='ocrx_word' id='word_1_91' title='bbox 804 1183 847 1240; x_wconf 92' lang='lat' dir='ltr'>ut</span> <span class='ocrx_word' id='word_1_92' title='bbox 863 1163 909 1238; x_wconf 92' lang='lat' dir='ltr'>ad</span> <span class='ocrx_word' id='word_1_93' title='bbox 930 1161 1151 1238; x_wconf 89' lang='lat' dir='ltr'>Neandrum</span> <span class='ocrx_word' id='word_1_94' title='bbox 1175 1187 1272 1240; x_wconf 87' lang='lat' dir='ltr'>nunc</span> <span class='ocrx_word' id='word_1_95' title='bbox 1292 1189 1363 1266; x_wconf 91' lang='lat' dir='ltr'>pro</span> <span class='ocrx_word' id='word_1_96' title='bbox 1393 1169 1446 1242; x_wconf 87' lang='lat' dir='ltr'>ius</span> <span class='ocrx_word' id='word_1_97' title='bbox 1465 1166 1603 1243; x_wconf 82' lang='lat' dir='ltr'>alaude</span> <span class='ocrx_word' id='word_1_98' title='bbox 1620 1167 1718 1244; x_wconf 89' lang='lat' dir='ltr'>disci·</span> 
     </span>
     <span class='ocr_line' id='line_1_12' title="bbox 76 1191 1760 1368; baseline 0.005 -35"><span class='ocrx_word' id='word_1_99' title='bbox 76 1263 148 1360; x_wconf 91' lang='lat' dir='ltr'>puli</span> <span class='ocrx_word' id='word_1_100' title='bbox 162 1287 201 1341; x_wconf 89' lang='lat' dir='ltr'>re</span> <span class='ocrx_word' id='word_1_101' title='bbox 229 1265 362 1363; x_wconf 84' lang='lat' dir='ltr'>eamus,</span> <span class='ocrx_word' id='word_1_102' title='bbox 376 1287 418 1340; x_wconf 92' lang='lat' dir='ltr'>ut</span> <span class='ocrx_word' id='word_1_103' title='bbox 431 1263 490 1340; x_wconf 88' lang='lat' dir='ltr'>ille</span> <span class='ocrx_word' id='word_1_104' title='bbox 503 1263 573 1338; x_wconf 85' lang='lat' dir='ltr'>Vir</span> <span class='ocrx_word' id='word_1_105' title='bbox 586 1261 811 1338; x_wconf 89' lang='lat' dir='ltr'>inomnlbus</span> <span class='ocrx_word' id='word_1_106' title='bbox 825 1285 920 1362; x_wconf 87' lang='lat' dir='ltr'>pene</span> <span class='ocrx_word' id='word_1_107' title='bbox 934 1261 1129 1362; x_wconf 84' lang='lat' dir='ltr'>disciplinis</span> <span class='ocrx_word' id='word_1_108' title='bbox 1144 1260 1345 1339; x_wconf 86' lang='lat' dir='ltr'>urililsimos</span> <span class='ocrx_word' id='word_1_109' title='bbox 1366 1191 1479 1368; x_wconf 60' lang='lat' dir='ltr'>songe</span> <span class='ocrx_word' id='word_1_110' title='bbox 1502 1267 1615 1344; x_wconf 90' lang='lat' dir='ltr'>libros</span> <span class='ocrx_word' id='word_1_111' title='bbox 1638 1265 1717 1342; x_wconf 90' lang='lat' dir='ltr'>scri·</span> <span class='ocrx_word' id='word_1_112' title='bbox 1755 1301 1760 1308; x_wconf 94' lang='lat'><em>·</em></span> 
     </span>
     <span class='ocr_line' id='line_1_13' title="bbox 75 1357 1716 1466; baseline 0.007 -34"><span class='ocrx_word' id='word_1_113' title='bbox 75 1357 160 1460; x_wconf 83' lang='lat' dir='ltr'>pfit3</span> <span class='ocrx_word' id='word_1_114' title='bbox 183 1365 425 1438; x_wconf 76' lang='lat' dir='ltr'>itali‘roinnira</span> <span class='ocrx_word' id='word_1_115' title='bbox 445 1363 520 1461; x_wconf 89' lang='lat' dir='ltr'>ejus</span> <span class='ocrx_word' id='word_1_116' title='bbox 535 1369 644 1434; x_wconf 78' lang='lat' dir='ltr'>Graeca</span> <span class='ocrx_word' id='word_1_117' title='bbox 657 1363 848 1459; x_wconf 69' lang='lat' dir='ltr'><strong>aliquoties</strong></span> <span class='ocrx_word' id='word_1_118' title='bbox 864 1361 972 1458; x_wconf 82' lang='lat' dir='ltr'>edire,</span> <span class='ocrx_word' id='word_1_119' title='bbox 988 1359 1067 1436; x_wconf 88' lang='lat' dir='ltr'>saria</span> <span class='ocrx_word' id='word_1_120' title='bbox 1094 1383 1141 1436; x_wconf 89' lang='lat' dir='ltr'>tie</span> <span class='ocrx_word' id='word_1_121' title='bbox 1156 1364 1216 1438; x_wconf 89' lang='lat' dir='ltr'>vel</span> <span class='ocrx_word' id='word_1_122' title='bbox 1242 1385 1262 1436; x_wconf 90' lang='lat' dir='ltr'>e</span> <span class='ocrx_word' id='word_1_123' title='bbox 1289 1360 1419 1438; x_wconf 88' lang='lat' dir='ltr'>nostris</span> <span class='ocrx_word' id='word_1_124' title='bbox 1442 1377 1592 1462; x_wconf 86' lang='lat' dir='ltr'>quoque</span> <span class='ocrx_word' id='word_1_125' title='bbox 1613 1364 1716 1466; x_wconf 87' lang='lat' dir='ltr'>supe·</span> 
     </span>
     <span class='ocr_line' id='line_1_14' title="bbox 75 1458 1938 1565; baseline 0.004 -32"><span class='ocrx_word' id='word_1_126' title='bbox 75 1458 226 1538; x_wconf 86' lang='lat' dir='ltr'>rioribus</span> <span class='ocrx_word' id='word_1_127' title='bbox 241 1462 342 1539; x_wconf 89' lang='lat' dir='ltr'>libris</span> <span class='ocrx_word' id='word_1_128' title='bbox 357 1484 444 1538; x_wconf 85' lang='lat' dir='ltr'>nota</span> <span class='ocrx_word' id='word_1_129' title='bbox 458 1459 550 1559; x_wconf 92' lang='lat' dir='ltr'>sunt,</span> <span class='ocrx_word' id='word_1_130' title='bbox 568 1463 627 1558; x_wconf 84' lang='lat' dir='ltr'>ita,</span> <span class='ocrx_word' id='word_1_131' title='bbox 642 1481 683 1536; x_wconf 93' lang='lat' dir='ltr'>ut</span> <span class='ocrx_word' id='word_1_132' title='bbox 696 1485 763 1536; x_wconf 88' lang='lat' dir='ltr'>nec</span> <span class='ocrx_word' id='word_1_133' title='bbox 782 1459 828 1536; x_wconf 93' lang='lat' dir='ltr'>de</span> <span class='ocrx_word' id='word_1_134' title='bbox 843 1459 986 1560; x_wconf 86' lang='lat' dir='ltr'>prolixa</span> <span class='ocrx_word' id='word_1_135' title='bbox 999 1483 1074 1560; x_wconf 81' lang='lat' dir='ltr'>prae</span> <span class='ocrx_word' id='word_1_136' title='bbox 1114 1460 1227 1558; x_wconf 90' lang='lat' dir='ltr'>tione,</span> <span class='ocrx_word' id='word_1_137' title='bbox 1242 1461 1355 1565; x_wconf 86' lang='lat' dir='ltr'>longe</span> <span class='ocrx_word' id='word_1_138' title='bbox 1381 1463 1718 1564; x_wconf 85' lang='lat' dir='ltr'>erudiriffima,quae</span> <span class='ocrx_word' id='word_1_139' title='bbox 1830 1547 1837 1560; x_wconf 62' lang='grc'><em>,</em></span> <span class='ocrx_word' id='word_1_140' title='bbox 1937 1535 1938 1548; x_wconf 71' lang='grc'>,</span> 
     </span>
     <span class='ocr_line' id='line_1_15' title="bbox 75 1555 1264 1662; baseline 0.003 -32"><span class='ocrx_word' id='word_1_141' title='bbox 75 1561 254 1638; x_wconf 87' lang='lat' dir='ltr'><strong>nonnullis</strong></span> <span class='ocrx_word' id='word_1_142' title='bbox 269 1561 490 1638; x_wconf 88' lang='lat' dir='ltr'><strong>editionibus</strong></span> <span class='ocrx_word' id='word_1_143' title='bbox 510 1559 661 1662; x_wconf 78' lang='lat' dir='ltr'>praefixa</span> <span class='ocrx_word' id='word_1_144' title='bbox 682 1555 745 1656; x_wconf 85' lang='lat' dir='ltr'>est,</span> <span class='ocrx_word' id='word_1_145' title='bbox 760 1559 954 1657; x_wconf 83' lang='lat' dir='ltr'>quicquam</span> <span class='ocrx_word' id='word_1_146' title='bbox 969 1557 1089 1633; x_wconf 86' lang='lat' dir='ltr'>dicere</span> <span class='ocrx_word' id='word_1_147' title='bbox 1109 1560 1264 1635; x_wconf 88' lang='lat' dir='ltr'>attineat.</span> 
     </span>
    </p>
   </div>
   <div class='ocr_carea' id='block_1_4' title="bbox 9 1699 1849 2795">
    <p class='ocr_par' dir='ltr' id='par_1_6' title="bbox 170 1699 1757 1810">
     <span class='ocr_line' id='line_1_16' title="bbox 170 1699 1757 1810; baseline 0.001 -28"><span class='ocrx_word' id='word_1_148' title='bbox 170 1699 530 1782; x_wconf 82' lang='lat' dir='ltr'><strong>MATTHAEUS</strong></span> <span class='ocrx_word' id='word_1_149' title='bbox 556 1703 877 1800; x_wconf 83' lang='lat' dir='ltr'>DEVARIUS,</span> <span class='ocrx_word' id='word_1_150' title='bbox 895 1703 966 1778; x_wconf 94' lang='lat' dir='ltr'>Vir</span> <span class='ocrx_word' id='word_1_151' title='bbox 978 1701 1110 1779; x_wconf 80' lang='lat' dir='ltr'>Graece</span> <span class='ocrx_word' id='word_1_152' title='bbox 1136 1700 1371 1798; x_wconf 74' lang='lat' dir='ltr'>dosiiffimiis,</span> <span class='ocrx_word' id='word_1_153' title='bbox 1386 1728 1536 1780; x_wconf 87' lang='lat' dir='ltr'>aureum</span> <span class='ocrx_word' id='word_1_154' title='bbox 1555 1708 1660 1808; x_wconf 87' lang='lat' dir='ltr'>plane</span> <span class='ocrx_word' id='word_1_155' title='bbox 1680 1709 1757 1810; x_wconf 83' lang='lat' dir='ltr'>li·9</span> 
     </span>
    </p>

    <p class='ocr_par' dir='ltr' id='par_1_7' title="bbox 75 1801 1718 1906">
     <span class='ocr_line' id='line_1_17' title="bbox 75 1801 1718 1906; baseline 0.003 -28"><span class='ocrx_word' id='word_1_156' title='bbox 75 1801 178 1880; x_wconf 91' lang='lat' dir='ltr'>bruni</span> <span class='ocrx_word' id='word_1_157' title='bbox 199 1807 237 1878; x_wconf 83' lang='lat' dir='ltr'>de</span> <span class='ocrx_word' id='word_1_158' title='bbox 272 1805 413 1875; x_wconf 72' lang='lat' dir='ltr'>articulis</span> <span class='ocrx_word' id='word_1_159' title='bbox 428 1805 535 1902; x_wconf 72' lang='lat' dir='ltr'>lingua</span> <span class='ocrx_word' id='word_1_160' title='bbox 552 1811 662 1878; x_wconf 63' lang='grc' dir='ltr'><em>(ἔνια</em></span> <span class='ocrx_word' id='word_1_161' title='bbox 675 1802 823 1906; x_wconf 75' lang='lat' dir='ltr'>scripsit,</span> <span class='ocrx_word' id='word_1_162' title='bbox 839 1803 903 1900; x_wconf 90' lang='lat' dir='ltr'>qui</span> <span class='ocrx_word' id='word_1_163' title='bbox 917 1804 1005 1877; x_wconf 91' lang='lat' dir='ltr'>olim</span> <span class='ocrx_word' id='word_1_164' title='bbox 1020 1801 1150 1878; x_wconf 86' lang='lat' dir='ltr'>Romae</span> <span class='ocrx_word' id='word_1_165' title='bbox 1172 1803 1242 1876; x_wconf 88' lang='lat' dir='ltr'>An.</span> <span class='ocrx_word' id='word_1_166' title='bbox 1267 1815 1371 1898; x_wconf 84' lang='lat'>1588.</span> <span class='ocrx_word' id='word_1_167' title='bbox 1388 1805 1425 1878; x_wconf 91' lang='lat' dir='ltr'>in</span> <span class='ocrx_word' id='word_1_168' title='bbox 1445 1803 1563 1880; x_wconf 90' lang='lat' dir='ltr'>lucem</span> <span class='ocrx_word' id='word_1_169' title='bbox 1577 1807 1718 1884; x_wconf 88' lang='lat' dir='ltr'>emissus</span> 
     </span>
    </p>

    <p class='ocr_par' dir='ltr' id='par_1_8' title="bbox 72 1826 1719 2306">
     <span class='ocr_line' id='line_1_18' title="bbox 76 1826 1718 2018; baseline 0.003 -41"><span class='ocrx_word' id='word_1_170' title='bbox 76 1903 173 2002; x_wconf 87' lang='lat' dir='ltr'>in4.,</span> <span class='ocrx_word' id='word_1_171' title='bbox 188 1826 323 2006; x_wconf 66' lang='lat' dir='ltr'>podea,</span> <span class='ocrx_word' id='word_1_172' title='bbox 337 1901 382 1976; x_wconf 84' lang='lat' dir='ltr'>A.</span> <span class='ocrx_word' id='word_1_173' title='bbox 402 1908 506 1998; x_wconf 79' lang='lat'>1657.</span> <span class='ocrx_word' id='word_1_174' title='bbox 523 1903 561 1977; x_wconf 89' lang='lat' dir='ltr'>in</span> <span class='ocrx_word' id='word_1_175' title='bbox 584 1901 716 2006; x_wconf 81' lang='lat' dir='ltr'>Anglii</span> <span class='ocrx_word' id='word_1_176' title='bbox 732 1901 873 1979; x_wconf 90' lang='lat' dir='ltr'>recusus</span> <span class='ocrx_word' id='word_1_177' title='bbox 886 1898 948 1976; x_wconf 91' lang='lat' dir='ltr'>est.</span> <span class='ocrx_word' id='word_1_178' title='bbox 1000 1899 1110 1976; x_wconf 91' lang='lat' dir='ltr'>Liber</span> <span class='ocrx_word' id='word_1_179' title='bbox 1123 1899 1172 1977; x_wconf 91' lang='lat' dir='ltr'>est</span> <span class='ocrx_word' id='word_1_180' title='bbox 1185 1901 1356 1976; x_wconf 85' lang='lat' dir='ltr'>omnibus</span> <span class='ocrx_word' id='word_1_181' title='bbox 1374 1901 1502 2004; x_wconf 84' lang='lat' dir='ltr'><strong>elogiis</strong></span> <span class='ocrx_word' id='word_1_182' title='bbox 1519 1901 1665 2018; x_wconf 83' lang='lat' dir='ltr'>dignus,</span> <span class='ocrx_word' id='word_1_183' title='bbox 1680 1909 1718 1982; x_wconf 80' lang='lat' dir='ltr'>di</span> 
     </span>
     <span class='ocr_line' id='line_1_19' title="bbox 73 1997 1719 2102; baseline 0.003 -27"><span class='ocrx_word' id='word_1_184' title='bbox 73 2003 194 2101; x_wconf 89' lang='lat' dir='ltr'>miror,</span> <span class='ocrx_word' id='word_1_185' title='bbox 209 2003 312 2078; x_wconf 90' lang='lat' dir='ltr'>illum</span> <span class='ocrx_word' id='word_1_186' title='bbox 326 1998 462 2076; x_wconf 88' lang='lat' dir='ltr'>tamdiu</span> <span class='ocrx_word' id='word_1_187' title='bbox 479 1999 588 2084; x_wconf 83' lang='lat' dir='ltr'>latere</span> <span class='ocrx_word' id='word_1_188' title='bbox 604 1999 766 2102; x_wconf 87' lang='lat' dir='ltr'>potuisse.</span> <span class='ocrx_word' id='word_1_189' title='bbox 836 2001 1010 2096; x_wconf 85' lang='lat' dir='ltr'>Namque</span> <span class='ocrx_word' id='word_1_190' title='bbox 1041 1999 1079 2076; x_wconf 72' lang='grc' dir='ltr'>ἃ</span> <span class='ocrx_word' id='word_1_191' title='bbox 1101 2027 1208 2098; x_wconf 92' lang='lat' dir='ltr'>nunc,</span> <span class='ocrx_word' id='word_1_192' title='bbox 1234 1997 1374 2076; x_wconf 88' lang='lat' dir='ltr'>recusus</span> <span class='ocrx_word' id='word_1_193' title='bbox 1406 2001 1501 2098; x_wconf 87' lang='lat' dir='ltr'>licet,</span> <span class='ocrx_word' id='word_1_194' title='bbox 1518 2023 1719 2080; x_wconf 84' lang='lat' dir='ltr'>etiamnum</span> 
     </span>
     <span class='ocr_line' id='line_1_20' title="bbox 72 2097 1716 2202; baseline 0.002 -27"><span class='ocrx_word' id='word_1_195' title='bbox 72 2099 257 2200; x_wconf 77' lang='lat' dir='ltr'>rarissimus</span> <span class='ocrx_word' id='word_1_196' title='bbox 272 2099 339 2174; x_wconf 89' lang='lat' dir='ltr'>est:</span> <span class='ocrx_word' id='word_1_197' title='bbox 366 2099 415 2199; x_wconf 84' lang='lat' dir='ltr'>(z)</span> <span class='ocrx_word' id='word_1_198' title='bbox 440 2123 523 2174; x_wconf 90' lang='lat' dir='ltr'>cum</span> <span class='ocrx_word' id='word_1_199' title='bbox 543 2120 663 2176; x_wconf 89' lang='lat' dir='ltr'>tamen</span> <span class='ocrx_word' id='word_1_200' title='bbox 677 2125 723 2174; x_wconf 88' lang='lat' dir='ltr'>ne</span> <span class='ocrx_word' id='word_1_201' title='bbox 742 2123 835 2174; x_wconf 91' lang='lat' dir='ltr'>unus</span> <span class='ocrx_word' id='word_1_202' title='bbox 851 2097 1001 2195; x_wconf 91' lang='lat' dir='ltr'>quidem</span> <span class='ocrx_word' id='word_1_203' title='bbox 1022 2123 1090 2174; x_wconf 89' lang='lat' dir='ltr'>nec</span> <span class='ocrx_word' id='word_1_204' title='bbox 1105 2123 1284 2194; x_wconf 91' lang='lat' dir='ltr'>veterum,</span> <span class='ocrx_word' id='word_1_205' title='bbox 1305 2123 1371 2175; x_wconf 89' lang='lat' dir='ltr'>nec</span> <span class='ocrx_word' id='word_1_206' title='bbox 1393 2103 1652 2202; x_wconf 82' lang='lat' dir='ltr'>recentiorum,</span> <span class='ocrx_word' id='word_1_207' title='bbox 1677 2105 1716 2180; x_wconf 90' lang='lat' dir='ltr'>in</span> 
     </span>
     <span class='ocr_line' id='line_1_21' title="bbox 72 2195 1716 2306; baseline 0.002 -32"><span class='ocrx_word' id='word_1_208' title='bbox 72 2198 140 2276; x_wconf 89' lang='lat' dir='ltr'>hoc</span> <span class='ocrx_word' id='word_1_209' title='bbox 152 2222 370 2306; x_wconf 83' lang='lat' dir='ltr'>argumento</span> <span class='ocrx_word' id='word_1_210' title='bbox 387 2200 581 2296; x_wconf 87' lang='lat' dir='ltr'>quicquam</span> <span class='ocrx_word' id='word_1_211' title='bbox 595 2201 752 2296; x_wconf 83' lang='lat' dir='ltr'>tentarit,</span> <span class='ocrx_word' id='word_1_212' title='bbox 769 2198 854 2272; x_wconf 88' lang='lat' dir='ltr'>huic</span> <span class='ocrx_word' id='word_1_213' title='bbox 871 2195 993 2298; x_wconf 88' lang='lat' dir='ltr'>Operi</span> <span class='ocrx_word' id='word_1_214' title='bbox 1011 2199 1312 2300; x_wconf 88' lang='lat' dir='ltr'>comparandum,</span> <span class='ocrx_word' id='word_1_215' title='bbox 1337 2195 1438 2295; x_wconf 93' lang='lat' dir='ltr'>quod</span> <span class='ocrx_word' id='word_1_216' title='bbox 1460 2201 1572 2300; x_wconf 90' lang='lat' dir='ltr'>proin</span> <span class='ocrx_word' id='word_1_217' title='bbox 1592 2200 1716 2277; x_wconf 91' lang='lat' dir='ltr'>sedulo</span> 
     </span>
    </p>

    <p class='ocr_par' dir='ltr' id='par_1_9' title="bbox 9 2294 1849 2795">
     <span class='ocr_line' id='line_1_22' title="bbox 9 2294 1717 2400; baseline 0.002 -28"><span class='ocrx_word' id='word_1_218' title='bbox 9 2357 11 2360; x_wconf 86' lang='lat'>.</span> <span class='ocrx_word' id='word_1_219' title='bbox 70 2295 253 2388; x_wconf 86' lang='lat' dir='ltr'>Juveututi</span> <span class='ocrx_word' id='word_1_220' title='bbox 267 2299 396 2378; x_wconf 89' lang='lat' dir='ltr'>harum</span> <span class='ocrx_word' id='word_1_221' title='bbox 410 2323 532 2372; x_wconf 88' lang='lat' dir='ltr'>rerum</span> <span class='ocrx_word' id='word_1_222' title='bbox 544 2296 686 2400; x_wconf 83' lang='lat' dir='ltr'>cupidae</span> <span class='ocrx_word' id='word_1_223' title='bbox 700 2294 1035 2374; x_wconf 86' lang='lat' dir='ltr'>commendandum</span> <span class='ocrx_word' id='word_1_224' title='bbox 1051 2297 1305 2392; x_wconf 85' lang='lat' dir='ltr'>existimamus,</span> <span class='ocrx_word' id='word_1_225' title='bbox 1325 2301 1464 2398; x_wconf 92' lang='lat' dir='ltr'>quippe</span> <span class='ocrx_word' id='word_1_226' title='bbox 1489 2301 1622 2396; x_wconf 89' lang='lat' dir='ltr'>inquo</span> <span class='ocrx_word' id='word_1_227' title='bbox 1645 2325 1717 2376; x_wconf 88' lang='lat' dir='ltr'>ma·</span> 
     </span>
     <span class='ocr_line' id='line_1_23' title="bbox 71 2393 1716 2502; baseline 0.003 -32"><span class='ocrx_word' id='word_1_228' title='bbox 71 2399 164 2474; x_wconf 83' lang='lat' dir='ltr'>xima</span> <span class='ocrx_word' id='word_1_229' title='bbox 178 2399 362 2502; x_wconf 72' lang='lat' dir='ltr'>elegantia</span> <span class='ocrx_word' id='word_1_230' title='bbox 379 2395 522 2472; x_wconf 84' lang='lat' dir='ltr'>Graecae</span> <span class='ocrx_word' id='word_1_231' title='bbox 541 2423 624 2498; x_wconf 91' lang='lat' dir='ltr'>pars</span> <span class='ocrx_word' id='word_1_232' title='bbox 671 2399 878 2498; x_wconf 80' lang='lat' dir='ltr'>reponitur.</span> <span class='ocrx_word' id='word_1_233' title='bbox 929 2393 1105 2472; x_wconf 82' lang='lat' dir='ltr'>Ceterum</span> <span class='ocrx_word' id='word_1_234' title='bbox 1121 2397 1218 2472; x_wconf 90' lang='lat' dir='ltr'>idem</span> <span class='ocrx_word' id='word_1_235' title='bbox 1233 2398 1290 2470; x_wconf 90' lang='lat' dir='ltr'>illc</span> <span class='ocrx_word' id='word_1_236' title='bbox 1305 2395 1482 2472; x_wconf 88' lang='lat' dir='ltr'>Devarius</span> <span class='ocrx_word' id='word_1_237' title='bbox 1502 2393 1563 2495; x_wconf 90' lang='lat' dir='ltr'>est,</span> <span class='ocrx_word' id='word_1_238' title='bbox 1580 2401 1643 2496; x_wconf 90' lang='lat' dir='ltr'>qui</span> <span class='ocrx_word' id='word_1_239' title='bbox 1657 2413 1716 2475; x_wconf 71' lang='lat' dir='ltr'>co</span> 
     </span>
     <span class='ocr_line' id='line_1_24' title="bbox 71 2491 1849 2595; baseline 0.004 -29"><span class='ocrx_word' id='word_1_240' title='bbox 71 2493 302 2594; x_wconf 86' lang='lat' dir='ltr'>piosiffimum</span> <span class='ocrx_word' id='word_1_241' title='bbox 326 2496 484 2572; x_wconf 89' lang='lat' dir='ltr'>indicem</span> <span class='ocrx_word' id='word_1_242' title='bbox 511 2499 550 2570; x_wconf 91' lang='lat' dir='ltr'>in</span> <span class='ocrx_word' id='word_1_243' title='bbox 570 2495 626 2572; x_wconf 92' lang='lat' dir='ltr'>Eu</span> <span class='ocrx_word' id='word_1_244' title='bbox 658 2495 808 2591; x_wconf 83' lang='lat' dir='ltr'>ethium,</span> <span class='ocrx_word' id='word_1_245' title='bbox 827 2493 988 2568; x_wconf 89' lang='lat' dir='ltr'>Homeri</span> <span class='ocrx_word' id='word_1_246' title='bbox 1008 2496 1248 2595; x_wconf 88' lang='lat' dir='ltr'>interpretem</span> <span class='ocrx_word' id='word_1_247' title='bbox 1273 2491 1415 2569; x_wconf 90' lang='lat' dir='ltr'>summo</span> <span class='ocrx_word' id='word_1_248' title='bbox 1443 2497 1567 2592; x_wconf 89' lang='lat' dir='ltr'>utique</span> <span class='ocrx_word' id='word_1_249' title='bbox 1593 2496 1717 2573; x_wconf 89' lang='lat' dir='ltr'>labore</span> <span class='ocrx_word' id='word_1_250' title='bbox 1846 2523 1849 2530; x_wconf 51' lang='lat'><strong>¹</strong></span> 
     </span>
     <span class='ocr_line' id='line_1_25' title="bbox 72 2591 1716 2698; baseline 0.001 -30"><span class='ocrx_word' id='word_1_251' title='bbox 72 2595 230 2674; x_wconf 89' lang='lat' dir='ltr'>confecit.</span> <span class='ocrx_word' id='word_1_252' title='bbox 284 2595 447 2698; x_wconf 80' lang='lat' dir='ltr'>Qinam</span> <span class='ocrx_word' id='word_1_253' title='bbox 468 2617 558 2668; x_wconf 92' lang='lat' dir='ltr'>vero</span> <span class='ocrx_word' id='word_1_254' title='bbox 576 2595 706 2691; x_wconf 89' lang='lat' dir='ltr'>reliqui</span> <span class='ocrx_word' id='word_1_255' title='bbox 720 2593 796 2690; x_wconf 87' lang='lat' dir='ltr'>ejus</span> <span class='ocrx_word' id='word_1_256' title='bbox 812 2594 850 2666; x_wconf 89' lang='lat' dir='ltr'>in</span> <span class='ocrx_word' id='word_1_257' title='bbox 863 2592 1005 2665; x_wconf 75' lang='lat' dir='ltr'>Linuua</span> <span class='ocrx_word' id='word_1_258' title='bbox 1028 2591 1158 2666; x_wconf 83' lang='lat' dir='ltr'>Graeca</span> <span class='ocrx_word' id='word_1_259' title='bbox 1173 2591 1309 2668; x_wconf 89' lang='lat' dir='ltr'>fuerint</span> <span class='ocrx_word' id='word_1_260' title='bbox 1323 2591 1475 2691; x_wconf 85' lang='lat' dir='ltr'>labores,</span> <span class='ocrx_word' id='word_1_261' title='bbox 1493 2593 1656 2692; x_wconf 75' lang='lat' dir='ltr'>ipsemet,</span> <span class='ocrx_word' id='word_1_262' title='bbox 1678 2599 1716 2670; x_wconf 91' lang='lat' dir='ltr'>in</span> 
     </span>
     <span class='ocr_line' id='line_1_26' title="bbox 72 2657 1210 2795; baseline -0.003 -28"><span class='ocrx_word' id='word_1_263' title='bbox 72 2692 291 2776; x_wconf 84' lang='lat' dir='ltr'>dedicatione</span> <span class='ocrx_word' id='word_1_264' title='bbox 307 2691 573 2795; x_wconf 84' lang='lat' dir='ltr'>&amp;praefatione</span> <span class='ocrx_word' id='word_1_265' title='bbox 592 2691 644 2766; x_wconf 92' lang='lat' dir='ltr'>sui</span> <span class='ocrx_word' id='word_1_266' title='bbox 660 2689 706 2766; x_wconf 89' lang='lat' dir='ltr'>de</span> <span class='ocrx_word' id='word_1_267' title='bbox 723 2689 905 2790; x_wconf 82' lang='lat' dir='ltr'>particulis</span> <span class='ocrx_word' id='word_1_268' title='bbox 932 2657 1025 2794; x_wconf 70' lang='lat' dir='ltr'>iibri,</span> <span class='ocrx_word' id='word_1_269' title='bbox 1047 2691 1210 2790; x_wconf 87' lang='lat' dir='ltr'>exponit.</span> 
     </span>
    </p>
   </div>
   <div class='ocr_carea' id='block_1_5' title="bbox 69 2817 1780 3822">
    <p class='ocr_par' dir='ltr' id='par_1_10' title="bbox 69 2817 1780 3822">
     <span class='ocr_line' id='line_1_27' title="bbox 160 2817 1780 2920; baseline -0.002 -13"><span class='ocrx_word' id='word_1_270' title='bbox 160 2829 226 2908; x_wconf 94' lang='lat' dir='ltr'>Ob</span> <span class='ocrx_word' id='word_1_271' title='bbox 250 2827 402 2905; x_wconf 82' lang='lat' dir='ltr'>similem</span> <span class='ocrx_word' id='word_1_272' title='bbox 424 2827 586 2903; x_wconf 87' lang='lat' dir='ltr'>laborem</span> <span class='ocrx_word' id='word_1_273' title='bbox 609 2823 772 2902; x_wconf 92' lang='lat' dir='ltr'>Devario</span> <span class='ocrx_word' id='word_1_274' title='bbox 802 2817 1207 2898; x_wconf 81' lang='lat' dir='ltr'>FRANCISCUM</span> <span class='ocrx_word' id='word_1_275' title='bbox 1240 2820 1476 2898; x_wconf 86' lang='lat' dir='ltr'>VIGERU</span> <span class='ocrx_word' id='word_1_276' title='bbox 1484 2825 1541 2920; x_wconf 91' lang='lat' dir='ltr'>M,</span> <span class='ocrx_word' id='word_1_277' title='bbox 1566 2825 1714 2918; x_wconf 83' lang='lat' dir='ltr'>Gallum</span> <span class='ocrx_word' id='word_1_278' title='bbox 1736 2861 1780 2912; x_wconf 89' lang='lat'>10</span> 
     </span>
     <span class='ocr_line' id='line_1_28' title="bbox 70 2921 1714 3030; baseline -0.001 -29"><span class='ocrx_word' id='word_1_279' title='bbox 70 2927 240 3030; x_wconf 84' lang='lat' dir='ltr'>Jesniiam,</span> <span class='ocrx_word' id='word_1_280' title='bbox 264 2929 509 3030; x_wconf 85' lang='lat' dir='ltr'>surrogemus,</span> <span class='ocrx_word' id='word_1_281' title='bbox 526 2922 794 3000; x_wconf 74' lang='lat' dir='ltr'>dosiissimumi</span> <span class='ocrx_word' id='word_1_282' title='bbox 821 2921 982 3020; x_wconf 74' lang='lat' dir='ltr'>cujusda</span> <span class='ocrx_word' id='word_1_283' title='bbox 1006 2921 1166 3020; x_wconf 74' lang='lat' dir='ltr'>idiotismis</span> <span class='ocrx_word' id='word_1_284' title='bbox 1176 2930 1336 3024; x_wconf 65' lang='lat' dir='ltr'>precipuis</span> <span class='ocrx_word' id='word_1_285' title='bbox 1362 2925 1471 3021; x_wconf 71' lang='lat' dir='ltr'>lingua</span> <span class='ocrx_word' id='word_1_286' title='bbox 1495 2927 1607 2994; x_wconf 70' lang='lat' dir='ltr'>Grata</span> <span class='ocrx_word' id='word_1_287' title='bbox 1623 2925 1714 2999; x_wconf 85' lang='lat' dir='ltr'>liber</span> 
     </span>
     <span class='ocr_line' id='line_1_29' title="bbox 71 3018 1713 3129; baseline -0.001 -30"><span class='ocrx_word' id='word_1_288' title='bbox 71 3028 265 3129; x_wconf 86' lang='lat' dir='ltr'>aliquoties,</span> <span class='ocrx_word' id='word_1_289' title='bbox 278 3028 353 3104; x_wconf 89' lang='lat' dir='ltr'>sine</span> <span class='ocrx_word' id='word_1_290' title='bbox 381 3025 507 3102; x_wconf 89' lang='lat' dir='ltr'>addito</span> <span class='ocrx_word' id='word_1_291' title='bbox 528 3027 683 3100; x_wconf 89' lang='lat' dir='ltr'>nomine</span> <span class='ocrx_word' id='word_1_292' title='bbox 705 3020 891 3120; x_wconf 73' lang='lat' dir='ltr'>Austoris,</span> <span class='ocrx_word' id='word_1_293' title='bbox 915 3020 1034 3096; x_wconf 89' lang='lat' dir='ltr'>lucem</span> <span class='ocrx_word' id='word_1_294' title='bbox 1063 3019 1199 3122; x_wconf 78' lang='lat' dir='ltr'>aspexit</span> <span class='ocrx_word' id='word_1_295' title='bbox 1223 3018 1328 3096; x_wconf 87' lang='lat' dir='ltr'>Paris.</span> <span class='ocrx_word' id='word_1_296' title='bbox 1348 3021 1446 3120; x_wconf 89' lang='lat' dir='ltr'>apud</span> <span class='ocrx_word' id='word_1_297' title='bbox 1473 3019 1713 3100; x_wconf 67' lang='lat' dir='ltr'>&amp;balb-Cra-</span> 
     </span>
     <span class='ocr_line' id='line_1_30' title="bbox 70 3118 1712 3226; baseline -0.001 -27"><span class='ocrx_word' id='word_1_298' title='bbox 70 3127 245 3226; x_wconf 88' lang='lat' dir='ltr'>moysium</span> <span class='ocrx_word' id='word_1_299' title='bbox 269 3128 497 3221; x_wconf 85' lang='lat' dir='ltr'>1627.in12.</span> <span class='ocrx_word' id='word_1_300' title='bbox 522 3131 626 3220; x_wconf 83' lang='lat'>1644.</span> <span class='ocrx_word' id='word_1_301' title='bbox 649 3125 687 3198; x_wconf 91' lang='lat' dir='ltr'>in</span> <span class='ocrx_word' id='word_1_302' title='bbox 719 3120 853 3220; x_wconf 83' lang='lat'>12.,&amp;</span> <span class='ocrx_word' id='word_1_303' title='bbox 877 3120 976 3195; x_wconf 86' lang='lat' dir='ltr'>alias:</span> <span class='ocrx_word' id='word_1_304' title='bbox 1014 3129 1084 3194; x_wconf 89' lang='lat' dir='ltr'>una</span> <span class='ocrx_word' id='word_1_305' title='bbox 1109 3143 1193 3196; x_wconf 91' lang='lat' dir='ltr'>cum</span> <span class='ocrx_word' id='word_1_306' title='bbox 1216 3121 1367 3194; x_wconf 88' lang='lat' dir='ltr'>nomine</span> <span class='ocrx_word' id='word_1_307' title='bbox 1392 3118 1549 3196; x_wconf 72' lang='lat' dir='ltr'>austotis</span> <span class='ocrx_word' id='word_1_308' title='bbox 1573 3121 1712 3222; x_wconf 86' lang='lat' dir='ltr'>prodiit</span> 
     </span>
     <span class='ocr_line' id='line_1_31' title="bbox 69 3217 1712 3328; baseline -0.001 -31"><span class='ocrx_word' id='word_1_309' title='bbox 69 3221 177 3328; x_wconf 81' lang='lat' dir='ltr'>Lugd.</span> <span class='ocrx_word' id='word_1_310' title='bbox 190 3228 315 3304; x_wconf 83' lang='lat' dir='ltr'>Bitav.</span> <span class='ocrx_word' id='word_1_311' title='bbox 331 3228 369 3304; x_wconf 88' lang='lat' dir='ltr'>iri</span> <span class='ocrx_word' id='word_1_312' title='bbox 390 3247 442 3302; x_wconf 76' lang='lat' dir='ltr'>ir.</span> <span class='ocrx_word' id='word_1_313' title='bbox 463 3229 565 3310; x_wconf 81' lang='lat'><strong>¹680·</strong></span> <span class='ocrx_word' id='word_1_314' title='bbox 582 3222 700 3314; x_wconf 81' lang='lat' dir='ltr'>Multa</span> <span class='ocrx_word' id='word_1_315' title='bbox 715 3219 848 3296; x_wconf 89' lang='lat' dir='ltr'>suntin</span> <span class='ocrx_word' id='word_1_316' title='bbox 863 3220 925 3294; x_wconf 91' lang='lat' dir='ltr'>illo</span> <span class='ocrx_word' id='word_1_317' title='bbox 943 3217 1038 3328; x_wconf 86' lang='lat' dir='ltr'>libro</span> <span class='ocrx_word' id='word_1_318' title='bbox 1054 3217 1251 3316; x_wconf 89' lang='lat' dir='ltr'>recondita,</span> <span class='ocrx_word' id='word_1_319' title='bbox 1267 3241 1350 3314; x_wconf 87' lang='lat' dir='ltr'>quae</span> <span class='ocrx_word' id='word_1_320' title='bbox 1365 3217 1409 3290; x_wconf 90' lang='lat' dir='ltr'>ad</span> <span class='ocrx_word' id='word_1_321' title='bbox 1422 3219 1712 3316; x_wconf 81' lang='lat' dir='ltr'>SyntaxinGrae-</span> 
     </span>
     <span class='ocr_line' id='line_1_32' title="bbox 70 3315 1710 3428; baseline 0.001 -33"><span class='ocrx_word' id='word_1_322' title='bbox 70 3345 144 3398; x_wconf 85' lang='lat' dir='ltr'>cam</span> <span class='ocrx_word' id='word_1_323' title='bbox 160 3326 339 3427; x_wconf 74' lang='lat' dir='ltr'>speslant:</span> <span class='ocrx_word' id='word_1_324' title='bbox 363 3348 497 3428; x_wconf 86' lang='lat' dir='ltr'>magna</span> <span class='ocrx_word' id='word_1_325' title='bbox 509 3323 644 3398; x_wconf 86' lang='lat' dir='ltr'>etenim</span> <span class='ocrx_word' id='word_1_326' title='bbox 658 3345 740 3396; x_wconf 92' lang='lat' dir='ltr'>cum</span> <span class='ocrx_word' id='word_1_327' title='bbox 762 3343 847 3394; x_wconf 88' lang='lat' dir='ltr'>cura</span> <span class='ocrx_word' id='word_1_328' title='bbox 867 3342 908 3392; x_wconf 89' lang='lat' dir='ltr'>ac</span> <span class='ocrx_word' id='word_1_329' title='bbox 932 3315 1118 3420; x_wconf 86' lang='lat' dir='ltr'>diligentia</span> <span class='ocrx_word' id='word_1_330' title='bbox 1140 3315 1378 3427; x_wconf 81' lang='lat' dir='ltr'>differentiam</span> <span class='ocrx_word' id='word_1_331' title='bbox 1399 3315 1514 3428; x_wconf 69' lang='lat' dir='ltr'>Attici</span> <span class='ocrx_word' id='word_1_332' title='bbox 1534 3319 1710 3396; x_wconf 88' lang='lat' dir='ltr'>sermonis</span> 
     </span>
     <span class='ocr_line' id='line_1_33' title="bbox 70 3413 1707 3536; baseline -0.001 -40"><span class='ocrx_word' id='word_1_333' title='bbox 70 3446 175 3524; x_wconf 89' lang='lat' dir='ltr'>notat,</span> <span class='ocrx_word' id='word_1_334' title='bbox 190 3420 380 3522; x_wconf 82' lang='lat' dir='ltr'>ceteraque</span> <span class='ocrx_word' id='word_1_335' title='bbox 400 3425 535 3528; x_wconf 85' lang='lat' dir='ltr'>linguar</span> <span class='ocrx_word' id='word_1_336' title='bbox 551 3421 694 3534; x_wconf 75' lang='lat' dir='ltr'>Graecae</span> <span class='ocrx_word' id='word_1_337' title='bbox 713 3417 796 3493; x_wconf 89' lang='lat' dir='ltr'>scita</span> <span class='ocrx_word' id='word_1_338' title='bbox 818 3419 1002 3529; x_wconf 84' lang='lat' dir='ltr'>eleganter</span> <span class='ocrx_word' id='word_1_339' title='bbox 1025 3413 1219 3536; x_wconf 72' lang='lat' dir='ltr'>pertrasiar</span> <span class='ocrx_word' id='word_1_340' title='bbox 1226 3440 1236 3508; x_wconf 85' lang='lat'><em>3</em></span> <span class='ocrx_word' id='word_1_341' title='bbox 1273 3414 1495 3530; x_wconf 77' lang='lat' dir='ltr'>quibuslibet</span> <span class='ocrx_word' id='word_1_342' title='bbox 1514 3416 1576 3489; x_wconf 87' lang='lat' dir='ltr'>snb</span> <span class='ocrx_word' id='word_1_343' title='bbox 1602 3423 1707 3495; x_wconf 88' lang='lat' dir='ltr'>certis</span> 
     </span>
     <span class='ocr_line' id='line_1_34' title="bbox 70 3511 1708 3714; baseline 0.001 -24"><span class='ocrx_word' id='word_1_344' title='bbox 70 3527 323 3702; x_wconf 58' lang='lat' dir='ltr'>lillllllll</span> <span class='ocrx_word' id='word_1_345' title='bbox 337 3513 1116 3698; x_wconf 42' lang='lat' dir='ltr'>indissimilis}&amp;illiniri</span> <span class='ocrx_word' id='word_1_346' title='bbox 1129 3511 1708 3714; x_wconf 56' lang='lat' dir='ltr'>sieilitfflssllllllzlll</span> 
     </span>
     <span class='ocr_line' id='line_1_35' title="bbox 70 3643 1473 3822; baseline -0.006 -29"><span class='ocrx_word' id='word_1_347' title='bbox 70 3722 286 3822; x_wconf 77' lang='lat' dir='ltr'>prefatione,</span> <span class='ocrx_word' id='word_1_348' title='bbox 302 3649 385 3822; x_wconf 60' lang='lat' dir='ltr'>dum</span> <span class='ocrx_word' id='word_1_349' title='bbox 403 3717 499 3818; x_wconf 86' lang='lat' dir='ltr'>quafi</span> <span class='ocrx_word' id='word_1_350' title='bbox 512 3720 551 3794; x_wconf 89' lang='lat' dir='ltr'>in</span> <span class='ocrx_word' id='word_1_351' title='bbox 569 3643 785 3794; x_wconf 54' lang='lat' dir='ltr'>aniegdelsum</span> <span class='ocrx_word' id='word_1_352' title='bbox 802 3715 838 3792; x_wconf 76' lang='lat' dir='ltr'>u</span> <span class='ocrx_word' id='word_1_353' title='bbox 854 3669 1070 3816; x_wconf 61' lang='lat' dir='ltr'>ratoniensi</span> <span class='ocrx_word' id='word_1_354' title='bbox 1083 3713 1156 3815; x_wconf 87' lang='lat' dir='ltr'>legi</span> <span class='ocrx_word' id='word_1_355' title='bbox 1176 3711 1305 3813; x_wconf 86' lang='lat' dir='ltr'>potest.</span> <span class='ocrx_word' id='word_1_356' title='bbox 1469 3719 1473 3730; x_wconf 90' lang='lat'>&#39;</span> 
     </span>
    </p>
   </div>
   <div class='ocr_carea' id='block_1_6' title="bbox 126 3833 1767 3946">
    <p class='ocr_par' dir='ltr' id='par_1_11' title="bbox 126 3833 1767 3946">
     <span class='ocr_line' id='line_1_36' title="bbox 126 3833 1767 3946; baseline -0.014 -18"><span class='ocrx_word' id='word_1_357' title='bbox 126 3850 438 3946; x_wconf 76' lang='lat' dir='ltr'>,JOHANNFS</span> <span class='ocrx_word' id='word_1_358' title='bbox 474 3843 746 3943; x_wconf 86' lang='lat' dir='ltr'>POSSELIUS,</span> <span class='ocrx_word' id='word_1_359' title='bbox 768 3839 1049 3939; x_wconf 88' lang='lat' dir='ltr'>Rostochiensis,</span> <span class='ocrx_word' id='word_1_360' title='bbox 1077 3841 1220 3916; x_wconf 73' lang='lat' dir='ltr'>Gracae</span> <span class='ocrx_word' id='word_1_361' title='bbox 1243 3842 1380 3941; x_wconf 80' lang='lat' dir='ltr'>linguae</span> <span class='ocrx_word' id='word_1_362' title='bbox 1406 3833 1600 3937; x_wconf 84' lang='lat' dir='ltr'>Professor,</span> <span class='ocrx_word' id='word_1_363' title='bbox 1625 3855 1767 3913; x_wconf 86' lang='lat' dir='ltr'>remit</span> 
     </span>
    </p>
   </div>
   <div class='ocr_carea' id='block_1_7' title="bbox 69 3934 1704 4138">
    <p class='ocr_par' dir='ltr' id='par_1_12' title="bbox 69 3934 1704 4138">
     <span class='ocr_line' id='line_1_37' title="bbox 69 3934 1704 4117; baseline -0.006 -96"><span class='ocrx_word' id='word_1_364' title='bbox 69 3943 342 4028; x_wconf 85' lang='lat' dir='ltr'>Grammaticam</span> <span class='ocrx_word' id='word_1_365' title='bbox 357 3951 529 4026; x_wconf 79' lang='lat' dir='ltr'>Groecam</span> <span class='ocrx_word' id='word_1_366' title='bbox 544 3947 649 4023; x_wconf 89' lang='lat' dir='ltr'>variis</span> <span class='ocrx_word' id='word_1_367' title='bbox 667 3945 765 4022; x_wconf 90' lang='lat' dir='ltr'>libris</span> <span class='ocrx_word' id='word_1_368' title='bbox 783 3969 802 4018; x_wconf 90' lang='lat' dir='ltr'>a</span> <span class='ocrx_word' id='word_1_369' title='bbox 820 3943 864 4116; x_wconf 61' lang='lat' dir='ltr'>s}</span> <span class='ocrx_word' id='word_1_370' title='bbox 871 3941 977 4117; x_wconf 59' lang='lat' dir='ltr'>prflitfip</span> <span class='ocrx_word' id='word_1_371' title='bbox 995 3941 1277 4042; x_wconf 90' lang='lat' dir='ltr'>locupletiorem</span> <span class='ocrx_word' id='word_1_372' title='bbox 1298 3934 1466 4012; x_wconf 91' lang='lat' dir='ltr'>reddidit.</span> <span class='ocrx_word' id='word_1_373' title='bbox 1527 3937 1593 4038; x_wconf 83' lang='lat' dir='ltr'>(aa)</span> <span class='ocrx_word' id='word_1_374' title='bbox 1617 3937 1704 4111; x_wconf 56' lang='lat' dir='ltr'>Ejtup</span> 
     </span>
     <span class='ocr_line' id='line_1_38' title="bbox 998 4060 1684 4138; baseline -0.004 -24"><span class='ocrx_word' id='word_1_375' title='bbox 998 4067 1017 4138; x_wconf 84' lang='lat'>3</span> <span class='ocrx_word' id='word_1_376' title='bbox 1606 4060 1650 4111; x_wconf 84' lang='lat' dir='ltr'>ex</span> <span class='ocrx_word' id='word_1_377' title='bbox 1667 4061 1684 4111; x_wconf 88' lang='lat' dir='ltr'>a</span> 
     </span>
    </p>
   </div>
   <div class='ocr_carea' id='block_1_8' title="bbox 1468 4137 1481 4176">
    <p class='ocr_par' dir='ltr' id='par_1_13' title="bbox 1468 4137 1481 4176">
     <span class='ocr_line' id='line_1_39' title="bbox 1468 4137 1481 4176; baseline 0 0"><span class='ocrx_word' id='word_1_378' title='bbox 1468 4137 1481 4176; x_wconf 67' lang='lat' dir='ltr'>s</span> 
     </span>
    </p>
   </div>
   <div class='ocr_carea' id='block_1_9' title="bbox 104 4235 1701 4422">
    <p class='ocr_par' dir='ltr' id='par_1_14' title="bbox 104 4235 1701 4422">
     <span class='ocr_line' id='line_1_40' title="bbox 104 4235 1701 4331; baseline -0.007 -24"><span class='ocrx_word' id='word_1_379' title='bbox 104 4243 155 4331; x_wconf 84' lang='lat' dir='ltr'>(a)</span> <span class='ocrx_word' id='word_1_380' title='bbox 172 4251 300 4316; x_wconf 75' lang='lat' dir='ltr'>blatthoei</span> <span class='ocrx_word' id='word_1_381' title='bbox 317 4249 430 4312; x_wconf 81' lang='lat' dir='ltr'>Devarii</span> <span class='ocrx_word' id='word_1_382' title='bbox 449 4245 485 4316; x_wconf 85' lang='lat' dir='ltr'>de</span> <span class='ocrx_word' id='word_1_383' title='bbox 498 4249 652 4330; x_wconf 68' lang='lat' dir='ltr'>Perticalis,</span> <span class='ocrx_word' id='word_1_384' title='bbox 665 4247 783 4330; x_wconf 67' lang='lat' dir='ltr'>Lingua</span> <span class='ocrx_word' id='word_1_385' title='bbox 804 4247 904 4308; x_wconf 78' lang='lat' dir='ltr'>Gracae</span> <span class='ocrx_word' id='word_1_386' title='bbox 927 4241 999 4304; x_wconf 84' lang='lat' dir='ltr'>liber</span> <span class='ocrx_word' id='word_1_387' title='bbox 1022 4240 1194 4320; x_wconf 84' lang='lat' dir='ltr'>nuperrima,</span> <span class='ocrx_word' id='word_1_388' title='bbox 1213 4257 1273 4299; x_wconf 91' lang='lat' dir='ltr'>uno</span> <span class='ocrx_word' id='word_1_389' title='bbox 1300 4235 1459 4314; x_wconf 85' lang='lat' dir='ltr'>codemque</span> <span class='ocrx_word' id='word_1_390' title='bbox 1478 4237 1568 4296; x_wconf 83' lang='lat' dir='ltr'>Auno</span> <span class='ocrx_word' id='word_1_391' title='bbox 1588 4235 1701 4296; x_wconf 82' lang='lat' dir='ltr'>seculari</span> 
     </span>
     <span class='ocr_line' id='line_1_41' title="bbox 230 4319 1701 4422; baseline -0.009 -26"><span class='ocrx_word' id='word_1_392' title='bbox 230 4353 322 4422; x_wconf 80' lang='lat'>1700.</span> <span class='ocrx_word' id='word_1_393' title='bbox 341 4333 453 4396; x_wconf 86' lang='lat' dir='ltr'>duobus</span> <span class='ocrx_word' id='word_1_394' title='bbox 470 4337 501 4397; x_wconf 93' lang='lat' dir='ltr'>in</span> <span class='ocrx_word' id='word_1_395' title='bbox 518 4337 586 4396; x_wconf 88' lang='lat' dir='ltr'>locis</span> <span class='ocrx_word' id='word_1_396' title='bbox 602 4335 641 4398; x_wconf 86' lang='lat' dir='ltr'>est</span> <span class='ocrx_word' id='word_1_397' title='bbox 656 4333 773 4409; x_wconf 84' lang='lat' dir='ltr'>recusiia,</span> <span class='ocrx_word' id='word_1_398' title='bbox 797 4330 969 4412; x_wconf 78' lang='lat' dir='ltr'>Noribergae</span> <span class='ocrx_word' id='word_1_399' title='bbox 985 4325 1087 4388; x_wconf 86' lang='lat' dir='ltr'>scilicet</span> <span class='ocrx_word' id='word_1_400' title='bbox 1105 4327 1148 4398; x_wconf 88' lang='lat' dir='ltr'>(in</span> <span class='ocrx_word' id='word_1_401' title='bbox 1161 4321 1243 4386; x_wconf 86' lang='lat' dir='ltr'>usum</span> <span class='ocrx_word' id='word_1_402' title='bbox 1265 4319 1433 4383; x_wconf 88' lang='lat' dir='ltr'>Sciiolarum</span> <span class='ocrx_word' id='word_1_403' title='bbox 1447 4319 1535 4382; x_wconf 89' lang='lat' dir='ltr'>Urbis</span> <span class='ocrx_word' id='word_1_404' title='bbox 1546 4321 1646 4422; x_wconf 81' lang='lat' dir='ltr'>illius)</span> <span class='ocrx_word' id='word_1_405' title='bbox 1668 4323 1701 4383; x_wconf 91' lang='lat' dir='ltr'>in</span> 
     </span>
    </p>
   </div>
   <div class='ocr_carea' id='block_1_10' title="bbox 104 4409 1698 4606">
    <p class='ocr_par' dir='ltr' id='par_1_15' title="bbox 104 4409 1698 4606">
     <span class='ocr_line' id='line_1_42' title="bbox 227 4409 1317 4502; baseline -0.018 -17"><span class='ocrx_word' id='word_1_406' title='bbox 227 4429 295 4502; x_wconf 83' lang='lat' dir='ltr'>8vo,</span> <span class='ocrx_word' id='word_1_407' title='bbox 309 4419 341 4482; x_wconf 68' lang='grc' dir='ltr'><strong>ἃ</strong></span> <span class='ocrx_word' id='word_1_408' title='bbox 353 4419 558 4482; x_wconf 82' lang='lat' dir='ltr'>Amstclodami</span> <span class='ocrx_word' id='word_1_409' title='bbox 572 4419 605 4479; x_wconf 89' lang='lat' dir='ltr'>in</span> <span class='ocrx_word' id='word_1_410' title='bbox 626 4439 725 4496; x_wconf 85' lang='lat' dir='ltr'>12m0,</span> <span class='ocrx_word' id='word_1_411' title='bbox 737 4436 790 4478; x_wconf 84' lang='lat' dir='ltr'>nac</span> <span class='ocrx_word' id='word_1_412' title='bbox 803 4415 924 4497; x_wconf 82' lang='lat' dir='ltr'>proinde</span> <span class='ocrx_word' id='word_1_413' title='bbox 935 4415 992 4494; x_wconf 80' lang='lat' dir='ltr'>jani</span> <span class='ocrx_word' id='word_1_414' title='bbox 1004 4411 1074 4472; x_wconf 86' lang='lat' dir='ltr'>adeo</span> <span class='ocrx_word' id='word_1_415' title='bbox 1090 4431 1167 4472; x_wconf 83' lang='lat' dir='ltr'>rarus</span> <span class='ocrx_word' id='word_1_416' title='bbox 1191 4409 1317 4468; x_wconf 89' lang='lat' dir='ltr'>inventu.</span> 
     </span>
     <span class='ocr_line' id='line_1_43' title="bbox 104 4497 1698 4606; baseline -0.014 -20"><span class='ocrx_word' id='word_1_417' title='bbox 104 4522 171 4592; x_wconf 75' lang='lat'>(⁴⁴)</span> <span class='ocrx_word' id='word_1_418' title='bbox 194 4519 242 4588; x_wconf 80' lang='lat' dir='ltr'>De</span> <span class='ocrx_word' id='word_1_419' title='bbox 256 4521 325 4605; x_wconf 89' lang='lat' dir='ltr'>Joh.</span> <span class='ocrx_word' id='word_1_420' title='bbox 342 4517 454 4606; x_wconf 77' lang='lat' dir='ltr'>Postlii</span> <span class='ocrx_word' id='word_1_421' title='bbox 474 4519 600 4582; x_wconf 76' lang='lat' dir='ltr'>beatioris</span> <span class='ocrx_word' id='word_1_422' title='bbox 625 4519 746 4597; x_wconf 80' lang='lat' dir='ltr'>(Filium</span> <span class='ocrx_word' id='word_1_423' title='bbox 767 4515 845 4579; x_wconf 81' lang='lat' dir='ltr'>roim</span> <span class='ocrx_word' id='word_1_424' title='bbox 866 4511 965 4575; x_wconf 84' lang='lat' dir='ltr'>habuit</span> <span class='ocrx_word' id='word_1_425' title='bbox 987 4498 1143 4598; x_wconf 66' lang='lat' dir='ltr'>speivan,</span> <span class='ocrx_word' id='word_1_426' title='bbox 1162 4504 1290 4568; x_wconf 85' lang='lat' dir='ltr'>Parentis</span> <span class='ocrx_word' id='word_1_427' title='bbox 1309 4503 1341 4564; x_wconf 91' lang='lat' dir='ltr'>in</span> <span class='ocrx_word' id='word_1_428' title='bbox 1361 4501 1481 4583; x_wconf 71' lang='lat' dir='ltr'>Lingua</span> <span class='ocrx_word' id='word_1_429' title='bbox 1508 4497 1609 4562; x_wconf 77' lang='lat' dir='ltr'>Graec</span> <span class='ocrx_word' id='word_1_430' title='bbox 1630 4498 1698 4563; x_wconf 80' lang='lat' dir='ltr'>Pro·</span> 
     </span>
    </p>
   </div>
   <div class='ocr_carea' id='block_1_11' title="bbox 0 0 1960 5234">
    <p class='ocr_par' dir='ltr' id='par_1_16' title="bbox 0 0 1960 5234">
     <span class='ocr_line' id='line_1_44' title="bbox 0 0 1960 5234; baseline 0 6"><span class='ocrx_word' id='word_1_431' title='bbox 0 0 1960 5234; x_wconf 95' lang='lat' dir='ltr'> </span> 
     </span>
    </p>
   </div>
  </div>
 </body>
</html>
