3950 5236
15 3397 19 3412 ¹
66 3467 67 3472 Ἰ
179 3383 265 3480 2οῧ
290 3378 451 3482 Qtaree
480 3340 739 3483 oexcerpcndi
756 3379 932 3480 laborem,
947 3381 1013 3478 qui
1027 3379 1064 3455 dt
1085 3382 1252 3458 taediosus
1267 3379 1328 3482 est,
1343 3408 1383 3458 ac
1396 3387 1587 3488 ingenium
1650 3391 1674 3465 t'
1704 3412 1752 3490 at,
1769 3395 1810 3468 in
1827 3419 1886 3480 re·
1961 3389 1962 3456 l

242 245 314 337 562
383 287 386 295 ·
424 179 434 286 ·¹
480 250 502 294 ἰ
541 295 546 305 a
797 228 961 338 Polyblst.
986 225 1155 312 Lanae
1188 227 1268 312 Lit.
1294 229 1381 329 tlt„

188 433 299 508 ,pror
320 407 543 510 glrffcmprlcrr
561 427 634 506 pro
655 401 799 506 lingula.
872 399 945 476 Sed
969 403 1012 484 iis
1038 398 1264 489 recensendis
1290 424 1370 501 non
1397 393 1687 483 immorabimur.
1719 413 1723 420 ’
1761 397 1891 478 *Noa
1961 391 1962 426 ³

131 519 133 528 '
194 517 196 524 ’
245 509 373 612 potius
391 507 581 603 rationem,
598 529 680 602 quae
705 501 812 576 nobis
835 498 1125 576 commodissima
1146 501 1185 573 in
1201 498 1384 600 plerisque
1410 497 1602 600 disciplinis
1623 496 1822 598 videbitur,
1838 500 1895 578 hic
1961 537 1962 548 t

67 685 69 698 ,
170 642 176 656 1
247 629 515 710 proponemus„
587 603 667 704 Qi
690 604 740 675 eis
762 621 883 676 utetur
903 604 942 674 in
961 621 1138 698 quanmm
1153 597 1216 673 suo
1231 597 1344 700 scopo
1359 597 1603 688 commodum
1618 597 1817 697 videbitur,
1833 597 1896 674 fibi
1961 639 1962 654 2

203 771 206 780 ,
245 703 457 807 applicabit:
483 701 633 801 quilibet
647 698 862 776 enimefine
876 697 941 774 sibi
956 695 1163 800 proposito,
1181 719 1223 773 ut
1243 701 1411 788 ¹omnium
1436 695 1639 774 studiorum
1665 697 1897 798 methodum,

247 803 304 892 ita
314 802 535 902 excerpendi
554 804 732 878 rationem
751 801 874 898 metiri
897 797 1015 878 debet.
1066 792 1515 906 Quemadmodumenim
1529 796 1749 874 noneadem
1763 797 1825 872 vel
1839 823 1896 874 ve·

214 923 220 930 “
246 901 307 980 stis
325 903 385 978 vel
399 897 900 991 domusmensuraomnibus
916 899 1101 994 convenit,
1113 894 1178 997 sed
1202 894 1399 980 secundum
1421 898 1507 972 vitae
1529 895 1796 994 conditionem,
1825 896 1897 974 for·

188 1048 191 1054 =
248 1021 420 1078 omarum
433 997 712 1101 amplitudinem
729 997 791 1076 vel
806 999 1028 1096 tenuitatem,
1040 995 1210 1090 adornari
1228 993 1337 1089 solet3
1360 997 1407 1070 ita
1421 994 1695 1096 Excerptorum
1708 996 1816 1098 plane
1834 997 1896 1074 dis·

183 1120 235 1193 ¹17
276 1127 314 1176 ar
335 1101 428 1176 tutio
455 1099 492 1174 dt
510 1099 630 1173 forma
646 1095 705 1172 est.
782 1094 954 1172 *Edidit
974 1095 1152 1196 superiori
1164 1119 1265 1180 anno,
1279 1091 1349 1170 Vir
1362 1093 1897 1196 Clnufimtts,vtucrnr1us
1961 1137 1962 1198 l

247 1126 475 1276 Erremus
490 1199 528 1269 dc
543 1185 615 1270 arth
629 1199 813 1298 excerpendi
825 1195 958 1288 librum
975 1192 1206 1297 singularem,
1227 1217 1303 1290 quo
1324 1195 1382 1271 ille
1399 1189 1539 1278 summa
1552 1194 1738 1298 diligentia
1755 1221 1897 1298 omnes,
1961 1207 1962 1244 l

190 1371 204 1387 μ
277 1297 374 1376 uide
395 1297 469 1374 hoc
491 1317 717 1400 argumento
730 1295 912 1396 scripsere,
936 1295 1109 1394 AutoreS,
1135 1295 1264 1370 omnes
1292 1293 1513 1394 excerpendi
1535 1292 1672 1390 formas
1690 1295 1728 1372 dt
1750 1295 1897 1396 modos,

245 1325 548 1500 singulorumque
561 1394 769 1493 commoda,
788 1391 1023 1470 incommoda
1038 1393 1076 1468 dt
1095 1416 1214 1494 praece
1244 1413 1288 1492 ta,
1304 1390 1471 1469 recenset.
1545 1394 1666 1472 Multa
1681 1395 1742 1470 hic
1760 1395 1809 1472 de
1827 1397 1896 1472 Ex·

245 1494 425 1598 cerpeadi
439 1499 579 1578 ratione
594 1517 662 1596 pet
675 1495 872 1591 Lemmata,
911 1491 1131 1593 'erSchedan
1150 1489 1197 1566 de
1215 1419 1410 1593 dxcerptis
1430 1491 1667 1592 Methodicis,
1683 1493 1896 1595 Alphabeti·

248 1599 311 1696 eis,
327 1595 597 1671 commentariis
623 1591 861 1692 adversariis,
876 1519 1082 1688 ξοείαΙίὺμς,
1099 1589 1145 1666 de
1162 1589 1261 1677 libris
1277 1589 1552 1694 Excerptorum
1568 1592 1697 1668 laxiori
1715 1620 1897 1698 compage

188 1711 232 1786 18
249 1691 473 1774 ordinandis.
537 1653 767 1794 *lsst'oponit
789 1691 964 1791 &sessione
979 1697 1013 1762 X.
1028 1691 1204 1790 peculiare
1228 1689 1414 1788 cujusdam
1430 1691 1623 1792 Anonymi
1636 1697 1753 1784 Serrai
1775 1698 1898 1776 literati
1961 1713 1962 1776 ἢ

107 1801 110 1809 ’
246 1800 488 1894 inventum,·a
500 1790 537 1869 se
549 1817 641 1869 vero
655 1793 777 1869 multis
798 1791 920 1887 modis
934 1789 1179 1886 emendatum,
1194 1790 1293 1888 cujus
1315 1815 1389 1891 ope
1410 1816 1522 1890 quam
1533 1792 1828 1870 commodissime
1847 1798 1895 1872 iu·

244 1893 347 1970 slitui
363 1893 606 1990 cujuscunque
645 1895 761 1968 eneris
776 1887 1101 1992 excerptapoffint.
1150 1887 1297 1964 Prolixe
1310 1887 1407 1966 illam
1415 1891 1619 1969 machinam
1628 1893 1778 1992 ejusque
1791 1919 1839 1996 ap
1883 1935 1898 1954 ·

246 2013 369 2067 ratum
386 1993 458 2066 illic
474 1917 667 2089 descripsgtt,
681 1988 810 2068 additis
826 1987 1043 2082 iconibus&
1062 1989 1238 2088 exemplis
1247 2014 1258 2082 3
1281 2013 1364 2086 quac
1380 1987 1519 2094 singula
1530 1989 1653 2094 legere
1667 1993 1813 2072 iulibto
1829 1919 1907 2108 iffi),

245 2079 395 2192 possunt
409 2073 533 2164 terrim
548 2089 692 2164 illarum
710 2087 852 2187 curiosi,
869 2087 1076 2186 atqueiude
1090 2085 1153 2163 suo
1167 2086 1242 2162 usui
1256 2090 1542 2168 accommodare.
1592 2093 1635 2164 N
1637 2094 1803 2178 oneuitn
1818 2119 1894 2170 ean·

245 2187 339 2286 dem
355 2188 523 2280 omnibu
545 2189 743 2268 convenire
758 2185 992 2287 Excerpendi
1005 2189 1197 2284 rationem,
1222 2191 1300 2264 nott
1322 2187 1448 2264 eadem
1461 2185 1658 2292 Excerpta,
1684 2191 1761 2292 ipse
1782 2219 1893 2296 agano

185 2309 232 2379 29
247 2285 384 2365 scit-vir
401 2209 606 2386 clarissimus
626 2285 698 2360 libia·
713 2284 766 2386 firi
782 2293 886 2388 caps.
905 2293 932 2376 i.
941 2312 973 2377 9.
1046 2289 1064 2330 *
1091 2285 1178 2360 Nos
1194 2283 1240 2360 de
1255 2285 1526 2389 Excetptotum
1541 2287 1662 2370 forma
1675 2291 1892 2390 usqueadeo

244 2385 307 2468 hic
321 2387 461 2464 solliciti
477 2411 554 2462 non
571 2385 702 2486 sumus,
748 2389 810 2462 uin
830 2387 954 2486 potius
976 2379 1229 2482 existimamus,
1249 2409 1347 2486 eum,
1360 2390 1418 2463 cui
1431 2387 1636 2492 thesaurum
1650 2391 1688 2468 dt
1709 2417 1804 2496 opes
1822 2394 1893 2470 col·

164 2483 166 2490 '
245 2486 387 2589 ligendi
406 2485 550 2568 facultas
566 2513 649 2565 non
671 2415 838 2585 dedier-it,
865 2485 1006 2562 loculos
1030 2481 1131 2564 facile
1169 2488 1420 2588 inventurum,
1444 2486 1577 2588 quibus
1600 2515 1766 2593 reponat.
1842 2495 1891 2571 Ita

219 2615 221 2618 ·
245 2588 346 2662 enim
358 2582 542 2662 instituere
562 2607 732 2688 excerpta
751 2607 925 2686 tyronem
937 2605 1061 2660 meum
1075 2583 1197 2684 velim,
1210 2608 1255 2664 ut,
1268 2612 1345 2662 non
1358 2587 1515 2664 multum
1537 2585 1602 2666 fibi
1620 2593 1765 2694 negotii
1789 2598 1890 2670 anxia

219 2683 499 2790 &scrupulosa
513 2685 700 2789 diligentia
713 2683 860 2788 facessat,
885 2685 1016 2786 potius.
1029 2707 1120 2760 vero
1140 2681 1186 2759 ad
1208 2685 1395 2762 utilitatem
1421 2713 1556 2791 rerum,
1580 2716 1690 2789 quam
1721 2695 1891 2772 methodi

242 2785 484 2883 subtilitatem,
509 2784 683 2886 respiciat.
732 2783 864 2878 Parum
881 2783 992 2860 refert
1030 2808 1106 2884 quo
1124 2783 1221 2884 loco,
1234 2791 1317 2883 'quo
1337 2787 1469 2863 ordine
1486 2815 1584 2864 arma
1599 2792 1681 2889 quis
1699 2789 1819 2893 posita
1834 2795 1890 2869 lta·

183 2945 187 2956 .
243 2883 338 2986 beat,
357 2884 474 2962 modo
491 2888 529 2960 iu
547 2907 727 3056 promptu
749 2883 829 2982 lint,
855 2911 939 2960 cum
959 2845 1003 2958 ad
1022 2907 1186 2986 pugnam
1203 2906 1354 2960 ventum
1382 2883 1440 2962 est.
1514 2886 1563 2966 Et
1580 2889 1708 2966 accidit
1731 2895 1889 2993 plerum·

240 3010 314 3084 que
333 3049 337 3058 .
354 3007 407 3082 ut,
429 2983 650 3082 quemadmo
679 3007 743 3056 um
765 2983 826 3080 illi,
851 2985 970 3084 quiin
994 2983 1153 3058 nummis
1176 2983 1383 3084 opibusque
1410 2989 1653 3092 congerendis
1673 2993 1784 3076 trimis
1812 2994 1891 3070 sunt

236 3045 505 3182 'tludiosu'rato
520 3081 563 3156 iis
584 3077 899 3179 reiterandae,
918 3077 1252 3184 itaquiExcerptis
1273 3085 1382 3172 nimis
1403 3085 1580 3189 insudant,
1593 3091 1802 3192 ,omniaque
1825 3095 1889 3172 illis

240 3179 367 3256 scrinia
393 3181 501 3282 plena
522 3177 657 3256 habent
694 3203 778 3256 cum
803 3179 892 3284 quid
918 3182 957 3254 in
983 3178 1147 3255 medium
1180 3181 1446 3284 proferendum
1467 3185 1536 3287 est,
1556 3189 1670 3289 jejuni
1693 3190 1731 3266 ἃ
1754 3187 1888 3270 steriles

243 3278 408 3379 evadant,
423 3305 464 3376 ac
482 3281 634 3382 ingenio
649 3239 714 3355 suo
751 3279 854 3378 quod
865 3278 916 3356 sui
936 3303 1122 3378 nunquam
1141 3281 1232 3380 jutis
1244 3283 1287 3360 ’ἃ
1310 3283 1448 3360 arbitrii
1469 3284 1536 3384 esl,
1551 3287 1692 3464 semper
1713 3289 1887 3370 diffidant

112 3496 119 3512 ⁸
240 3475 436 3558 burnona
464 3473 620 3554 modum
636 3477 831 3554 necessariis
874 3503 913 3554 er
926 3479 1154 3556 amanuenses
1179 3477 1313 3558 institui
1337 3485 1478 3563 malim:
1503 3512 1589 3562 nam
1614 3485 1652 3564 ὃ(
1703 3493 1734 3566 'c
1757 3492 1886 3590 jucun·
1961 3473 1962 3534 ³

174 3649 185 3676 ,
241 3575 322 3658 dius
348 3577 533 3655 econstlio
547 3577 723 3654 Martialis
736 3581 815 3678 erit,
847 3579 912 3655 t&
925 3576 964 3654 in
977 3579 1088 3655 literis
1102 3579 1207 3657 nobis
1221 3579 1264 3657 stt
1282 3587 1347 3664 Jtcs
1369 3610 1430 3655 mn
1448 3591 1545 3687 parta
1565 3586 1678 3680 labore,
1692 3589 1757 3688 sed
1774 3595 1884 3666 relisit

126 3751 131 3756 .
169 3679 224 3758 '21
241 3678 301 3753 uel
318 3701 387 3782 per
408 3675 579 3752 homines
599 3674 746 3754 nostros
766 3676 897 3754 nostris
919 3675 1080 3780 auspiciis
1103 3679 1210 3772 nobis
1229 3679 1403 3778 acquisita.
1473 3689 1494 3733 *
1518 3683 1605 3789 Ego
1625 3711 1728 3769 cette
1747 3689 1884 3772 Excer-

223 3779 310 3880 rptis
327 3781 375 3854 co‘
428 3775 570 3853 erendis
584 3801 661 3853 non
676 3776 832 3854 multum
845 3801 969 3879 operae
993 3801 1053 3853 me
1074 3778 1287 3880 impendisse
1311 3779 1440 3883 fatcor,
1465 3783 1529 3862 ersi
1552 3785 1709 3864 aliorum
1729 3789 1896 3898 diligen·-

235 3881 323 3954 tiam
338 3877 394 3954 lau
423 3903 462 3976 o,
483 3899 647 3986 meaeque
673 3878 714 3950 in
732 3873 788 3951 his
809 3879 1043 3980 negligentia
1060 3875 1260 3980 succenseo,
1285 3906 1345 3956 ma
1374 3889 1424 3958 no¹
1446 3907 1567 3961 tamen
1587 3887 1625 3962 in
1645 3887 1749 3965 lucro
1774 3915 1881 3993 repu-

177 4045 181 4055 .
229 3971 330 4062 ‘tatur
353 4053 369 4060 ,Ν
412 3975 609 4074 stallorum
626 3975 718 4050 mihi
730 4000 843 4076 opera
855 3979 908 4053 uti
925 3975 1130 4052 concessum
1149 3977 1266 4056 suerin
1345 3907 1464 4060 {lunc
1493 4010 1566 4088 ego
1589 3991 1768 4066 memoria
1792 4017 1881 4092 pto·

167 4066 181 4094 ”
225 4081 357 4178 ¹micon
385 4096 625 4153 acontentus
642 4073 759 4150 scribo
790 4079 913 4177 multa,
950 4103 1032 4178 quae
1056 4075 1151 4152 fallat
1174 4079 1324 4177 quidem
1347 4106 1625 4184 nonnunquam,
1650 4086 1687 4162 dt
1711 4113 1772 4166 res
1802 4089 1878 4168 suas

233 4178 415 4278 repetenti
455 4179 538 4251 raro
578 4173 642 4250 res
661 4173 804 4274 ondeat,
836 4176 1061 4276 plerumque
1086 4198 1218 4278 tamen,
1250 4205 1334 4257 cum
1363 4187 1570 4286 argumenti
1608 4183 1747 4278 occasio
1785 4190 1878 4266 solli-
1961 4215 1962 4222 ¹

229 4279 326 4375 citat,
342 4275 439 4352 ultro
455 4271 598 4376 offerat,
620 4201 769 4374 dqurfi
789 4297 835 4356 ex
852 4276 990 4382 capsula
1002 4277 1206 4378 depromat.
1272 4281 1346 4362 Sed
1363 4302 1434 4362 nos
1453 4281 1499 4360 ad
1524 4281 1748 4386 excerpendi
1765 4291 1875 4368 ratio·

225 4400 313 4460 nem
332 4373 508 4482 redimus.
577 4475 582 4483 .

1726 4491 1874 4588 Utilissi-
