3960 5256
520 292 606 418 clip.
629 289 673 371 Χ
697 290 738 368 de
751 287 858 368 dbrls
876 233 1032 397 mysticis
1050 287 1266 397 &sarreria
1323 374 1327 384 ,
1558 339 1564 344 ·
1670 315 1717 394 95

64 457 259 538 LuXmV.
274 453 401 535 aude
418 458 492 535 aliis
505 457 645 562 scriptis
659 461 900 564 propheticis,
917 439 1079 540 uersibus
1092 465 1296 566 Sibyllinis,
1320 466 1385 562 qui
1406 483 1462 540 tan
1520 481 1561 540 nt
1581 483 1640 537 res
1661 483 1718 551 14.

65 564 101 639 dt
122 587 174 656 ις.
188 558 288 636 libri:
315 554 445 634 rabulis
468 559 702 660 Imperatoris
716 563 861 661 Leonis,
880 563 1087 664 prophetiis
1109 567 1259 640 Merlini
1281 565 1325 646 dt.
1343 563 1471 640 Parare
1486 563 1520 638 st.
1570 558 1718 636 Pollenr

66 664 102 738 hl
131 661 217 736 libri
238 655 337 758 quast
356 653 548 734 Pandettae
571 657 719 758 quidam
739 686 863 764 rerum
886 661 1090 738 futurarum
1109 664 1240 764 videri,
1263 663 1288 739 fi
1311 668 1349 739 ln
1373 665 1494 739 lucem
1514 660 1720 737 ederentur.

63 761 129 839 Sed
144 783 213 837 nec
227 761 240 836 i
268 757 301 836 sa
324 753 560 834 Nosttadami
575 757 775 844 tetrasticha
786 764 928 866 integra
941 761 1127 842 habemus.
1178 763 1385 840 Novilluna
1400 761 1513 840 editio
1527 761 1600 836 An.
1615 767 1720 846 16⁶8·

64 859 201 938 Amllel
255 860 327 934 arni
342 859 451 934 intr.
474 883 494 934 a
516 859 769 976 Waesbergiis
786 860 895 938 edita.
946 860 1132 940 Centuriae
1153 865 1191 938 in
1218 864 1286 942 illis
1308 884 1448 939 tanturn
1461 861 1540 937 ΧΗ.
1561 859 1717 942 sednon

66 986 191 1039 omnes
211 961 376 1062 integre.
427 957 547 1034 Multa
561 959 600 1036 in
609 958 745 1040 scriruis
758 961 884 1064 Regiis
901 961 997 1038 deiis
1013 963 1118 1040 celari
1130 960 1249 1040 audio.
1300 961 1360 1038 Ex
1379 961 1482 1040 mille
1498 981 1588 1037 vero
1612 979 1716 1036 tetra·

63 1061 181 1139 stichis'
197 1061 236 1138 ἃ
251 1059 290 1138 su
320 1083 370 1158 ra,
386 1081 467 1156 quae
484 1057 542 1134 ille
553 1059 711 1176 reliquit,
726 1061 866 1136 nullum
883 1059 961 1161 elle,
986 1061 1212 1164 Anonymus
1236 1065 1296 1164 ait,
1323 1062 1427 1160 quod
1449 1085 1528 1136 non
1547 1059 1635 1136 duas
1652 1079 1716 1136 aur

64 1185 134 1240 tres
147 1159 270 1278 praedi
309 1162 411 1234 'ones
430 1181 533 1235 veras
551 1181 744 1260 commeat,
761 1183 885 1236 rerum
905 1165 944 1236 in
966 1161 1124 1240 Oriente
1149 1163 1190 1240 δι
1206 1159 1411 1241 Occidente
1436 1157 1629 1264 gestarum,
1647 1182 1718 1262 per

65 1287 184 1340 omnia
204 1285 321 1365 regna
341 1283 545 1357 omnesque
566 1281 705 1362 gentes.
745 1260 857 1368 'Alle
905 1262 1171 1365 tAnonymus
1198 1264 1328 1362 Terrajl.
1342 1290 1368 1336 2.
1384 1267 1523 1372 θηται,
1541 1285 1617 1356 quo
1633 1280 1716 1362 agat
1848 1305 1852 1314 ·

58 1363 102 1440 de
114 1387 256 1466 magno
278 1358 410 1461 Opere
422 1357 567 1436 Philoso
597 1358 746 1460 horum,
761 1385 840 1462 prae
868 1363 1192 1467 tcirquemagnutn
1203 1363 1354 1440 Theolo
1409 1387 1460 1460 tn,
1475 1383 1586 1459 quern
1609 1379 1718 1436 vocat

58 1461 184 1579 verbane
200 1461 345 1535 deinum
359 1457 541 1539 vertendo
594 1483 725 1576 roceam
743 1485 878 1579 vocem
902 1463 940 1537 in
958 1463 1134 1638 Latinanpi
1155 1461 1248 1578 'illud
1275 1486 1324 1565 pe
1360 1459 1546 1576 edlurutnj
1565 1461 1653 1536 ‘cum
1667 1481 1716 1536 ra·

60 1559 1715 1765 ldddlllllllllld⁰¹i⁰..2²{bellaitptlttlstlltltllllzlgl
1729 1679 1780 1761 a».

62 1767 103 1840 eis
117 1759 414 1838 Nostradamum
428 1758 473 1854 ad
486 1757 549 1834 has
563 1757 822 1862 praedidliones
835 1759 949 1837 ustam.
970 1764 1083 1863 Nam,
1099 1765 1164 1861 qui
1174 1765 1355 1840 arcaniora
1367 1757 1520 1862 Physica
1535 1761 1573 1836 dt
1586 1757 1713 1843 Astra,-¹

62 1867 168 1969 logica
191 1862 347 1966 cognite
362 1857 507 1960 habent,
520 1861 620 1957 ajunt
640 1882 661 1935 e
678 1861 840 1960 metallis,
861 1881 1030 1960 tanquam
1045 1863 1200 1940 Planetis
1214 1861 1455 1961 terrestribus,
1479 1858 1606 1936 eadem
1627 1883 1713 1936 con·
1827 1857 1831 1864 '

67 1963 292 2068 figuratione,
308 1969 379 2062 qua
395 1958 550 2036 Planetae
567 1961 604 2035 in
618 1959 861 2037 Themaribus
882 1961 1063 2042 Natalitiis
1084 1984 1288 2066 ponuntur,
1313 1961 1378 2038 sub
1401 1963 1506 2038 certis
1532 1957 1714 2036 constella-

65 2065 214 2141 tionibus
228 2059 377 2164 specula
393 2057 472 2138 fieri
515 2057 599 2160 olle,
615 2062 653 2136 in
667 2059 797 2160 quibus
811 2060 931 2138 futura
945 2075 1147 2140 cernantur.
1197 2063 1298 2138 Talia
1312 2057 1452 2165 specula
1469 2085 1546 2137 non
1557 2085 1631 2163 pro
1646 2059 1716 2136 ho·

63 2166 210 2241 minibus
228 2185 389 2260 tantuna,
405 2159 465 2236 sed
484 2085 521 2236 gr
536 2161 753 2260 nationibus,
768 2160 932 2262 urbibuS,
947 2161 1082 2263 seculis,
1099 2185 1140 2240 ut
1166 2163 1216 2238 illi
1235 2164 1345 2262 ajunt,
1369 2161 1533 2249 fabricari
1582 2157 1713 2238 odunt.

62 2265 181 2342 Sedde
204 2267 251 2374 iis
271 2265 313 2340 in
336 2263 414 2337 vita
439 2259 514 2375 ejus
538 2261 634 2336 nulla
655 2259 886 2362 velsuspicio
905 2287 1066 2366 apparet.
1114 2263 1197 2340 *ld
1217 2287 1367 2439 guoque
1388 2285 1513 2338 memo
1579 2260 1625 2335 ile
1651 2257 1773 2363 est,35¹
1820 2271 1847 2305 '-

61 2363 149 2464 quod
166 2367 244 2442 hoc
262 2365 303 2438 in
320 2362 410 2438 loco
425 2363 576 2436 minime
590 2360 897 2461 pratereundum.
949 2363 1121 2441 Adduxit
1133 2365 1207 2437 Vir
1255 2363 1278 2438 l.
1292 2363 1509 2440 Borrichius
1529 2364 1566 2436 in
1587 2359 1715 2464 Differt.
1772 2380 1777 2386 ·

56 2469 167 2566 fulls.
184 2466 225 2538 de
238 2469 360 2548 Portu,
376 2459 491 2537 Anno
506 2461 646 2554 circiter
661 2473 716 2543 81.
731 2459 872 2562 scripta,
887 2461 1172 2542 eNostradamo
1194 2462 1270 2539 duo
1294 2465 1472 2562 vaticinia,
1519 2485 1653 2536 uorum
1667 2461 1714 2536 al-

64 2589 168 2644 terum
184 2562 495 2669 proximisannis
515 2555 707 2662 impletum
724 2557 785 2661 est,
835 2565 947 2650 Hodie,
965 2567 1137 2664 inquinat
1156 2561 1342 2662 Narbonenfi
1358 2563 1455 2635 Gallia
1545 2565 1713 2636 Prozancia

66 2672 161 2764 ailsre
243 2677 316 2740 tius
331 2681 517 2738 occemuur
530 2660 666 2747 uellus,
682 2687 777 2765 quam
799 2663 994 2759 Nostradami
1006 2673 1164 2748 vatidnia,
1179 2689 1245 2765 qua
1259 2660 1313 2748 ὅ,
1337 2689 1408 2736 cum
1429 2663 1473 2735 ad
1485 2663 1641 2734 tinnulum
1656 2685 1712 2731 no-

67 2779 159 2839 ta'rw'
219 2775 335 2840 'vatis
361 2763 664 2866 Salone'adssarm,
680 2765 770 2864 pleno
789 2787 844 2833 ore
866 2764 1214 2861 laudavitmronflrator
1230 2761 1436 2862 sacrificulus.
1485 2764 1551 2864 Ego
1564 2767 1715 2864 optarim,

72 2867 118 2942 hc
130 2872 343 2967 eiustabuia
361 2888 444 2936 vam
456 2861 528 2964 effa·
549 2874 687 2967 quorum
699 2863 834 2933 alterum
853 2864 1038 2938 Calvimicnis
1050 2872 1201 2950 minatur,
1214 2859 1261 2940 &ff
1274 2862 1331 2940 boc
1346 2861 1405 2963 esi:
1642 2933 1646 2942 .

326 3031 392 3108 En
416 3003 563 3135 grande
580 3025 675 3128 citd,
701 3031 765 3128 qul
786 3026 840 3104 n'a
865 3007 969 3130 pain,
995 3027 1075 3129 qula
1096 3030 1219 3134 dimy,

323 3131 455 3210 Encor
478 3157 530 3210 un
554 3129 687 3231 couple
708 3126 796 3207 saint
816 3127 1064 3231 Barthelemy.
1089 3219 1098 3230 ἱ
1257 3165 1262 3174 ’

66 3305 177 3388 almon
189 3311 441 3419 &prenae-tini:

325 3475 538 3573 Beaueoup,
563 3467 765 3646 Beaucoup
785 3489 901 3548 avant.
919 3467 1019 3547 telles
1043 3457 1203 3568 menies,
1237 3447 1245 3463 ’

326 3574 437 3652 Ceux
462 3572 618 3647 ‹l'orlent
641 3597 708 3674 par
789 3593 896 3648 verru
919 3571 1086 3667 Lunaire,
1117 3637 1122 3646 ,

322 3675 412 3752 L’an
434 3673 498 3748 mil
522 3671 612 3774 Sept
636 3695 740 3771 cens,
769 3671 893 3748 feront
917 3667 1055 3777 grands
1078 3661 1289 3744 emmendes

324 3773 543 3879 subjugans·
556 3795 714 3872 presque
738 3773 774 3848 le
798 3775 910 3878 coing
937 3769 1187 3870 Aquilonaire.

55 3971 138 4052 Cum
151 3977 241 4056 haec
257 3970 438 4052 scriberet
451 3969 680 4068 Borrichius,
717 3967 815 4047 nulla
836 3968 882 4045 de
898 3960 1167 4046 Calvinianilini
1187 3956 1443 4062 exstirpatione
1459 3953 1609 4064 suspicio
1624 3975 1711 4070 erar.
1745 4041 1747 4046 ,
1797 4030 1799 4036 .

52 4073 109 4151 Sed
126 4077 306 4180 proximi
319 4074 407 4148 anni
424 4072 616 4146 veritatem
630 4069 736 4168 hujus
755 4071 891 4145 oraculi
907 4067 1054 4143 abunde
1065 4057 1338 4138 confirmarunt.
1376 4059 1432 4136 Ac
1447 4077 1623 4159 concepta
1633 4079 1712 4168 jam

53 4171 281 4280 sataguinaria,
299 4194 343 4248 ut
360 4169 507 4269 quidam
520 4191 723 4266 narrarunt,
737 4171 775 4246 in
793 4169 1027 4245 Calvinianos
1038 4163 1154 4239 fuerat
1170 4162 1355 4259 sententia,
1362 4184 1445 4257 quae
1456 4156 1579 4258 postea
1587 4159 1634 4230 ita
1642 4178 1710 4266 up·

53 4297 186 4377 mutata,
211 4299 261 4354 ut
277 4270 413 4373 quavis
436 4267 544 4344 caede·
557 4267 639 4343 ellet
659 4273 828 4344 atrocior.
879 4259 985 4370 Qud
1010 4263 1057 4340 de
1076 4263 1191 4338 altero
1218 4261 1383 4338 futurum
1399 4257 1453 4356 lit,
1470 4256 1572 4333 Deus
1590 4272 1709 4329 novit.

51 4364 1321 4472 *Multa-illeinepist.adHenr.ll.praedicir,magnasqueimperiorum
1335 4357 1708 4450 revolutionesusque
1724 4365 1774 4454 36
1876 4351 1887 4368 ⁸

51 4472 84 4548 ad
96 4475 308 4576 septimum
326 4469 577 4567 millenarium,
599 4465 663 4544 ubi
677 4467 883 4550 universalis
901 4462 1108 4544 inEcclefia
1128 4465 1166 4539 dt
1180 4458 1352 4537 omnibus
1364 4458 1488 4559 regnis
1500 4477 1572 4557 pax
1586 4451 1708 4526 futura
1803 4471 1823 4492 ²

48 4569 88 4651 fit.
135 4578 270 4658 Multa
290 4572 339 4654 de
357 4566 636 4674 amplificatione
651 4567 804 4674 Imperii
817 4567 958 4702 Gallici,
970 4565 1119 4666 ejusque
1133 4561 1350 4642 vidioriisio
1369 4554 1540 4634 Oriente.
1585 4550 1713 4730 11ιίεὲ
