<?xml version="1.0" encoding="UTF-8"?>
<!DOCTYPE html PUBLIC "-//W3C//DTD XHTML 1.0 Transitional//EN"
    "http://www.w3.org/TR/xhtml1/DTD/xhtml1-transitional.dtd">
<html xmlns="http://www.w3.org/1999/xhtml" xml:lang="en" lang="en">
 <head>
  <title>
</title>
<meta http-equiv="Content-Type" content="text/html;charset=utf-8" />
  <meta name='ocr-system' content='tesseract 3.04.00' />
  <meta name='ocr-capabilities' content='ocr_page ocr_carea ocr_par ocr_line ocrx_word'/>
</head>
<body>
  <div class='ocr_page' id='page_1' title='image "./polyhistorliter00fabrgoog/polyhistorliter00fabrgoog_1072.png"; bbox 0 0 3932 5212; ppageno 0'>
   <div class='ocr_carea' id='block_1_1' title="bbox 305 201 1760 347">
    <p class='ocr_par' dir='ltr' id='par_1_1' title="bbox 305 201 1760 347">
     <span class='ocr_line' id='line_1_1' title="bbox 305 201 1760 347; baseline -0.052 -28"><span class='ocrx_word' id='word_1_1' title='bbox 305 236 423 340; x_wconf 76' lang='lat' dir='ltr'>Cer.</span> <span class='ocrx_word' id='word_1_2' title='bbox 475 236 530 314; x_wconf 88' lang='lat' dir='ltr'>De</span> <span class='ocrx_word' id='word_1_3' title='bbox 544 231 790 336; x_wconf 61' lang='lat' dir='ltr'>Scriptorum,</span> <span class='ocrx_word' id='word_1_4' title='bbox 805 233 856 309; x_wconf 86' lang='lat' dir='ltr'>ad</span> <span class='ocrx_word' id='word_1_5' title='bbox 869 239 991 315; x_wconf 82' lang='lat' dir='ltr'><em>Artem</em></span> <span class='ocrx_word' id='word_1_6' title='bbox 1010 232 1190 314; x_wconf 76' lang='lat' dir='ltr'>Particum</span> <span class='ocrx_word' id='word_1_7' title='bbox 1192 233 1424 340; x_wconf 80' lang='lat' dir='ltr'>finientibus.</span> <span class='ocrx_word' id='word_1_8' title='bbox 1590 216 1598 280; x_wconf 74' lang='lat'>¹.</span> <span class='ocrx_word' id='word_1_9' title='bbox 1634 201 1760 347; x_wconf 43' lang='grc' dir='ltr'>Ιώ.</span> 
     </span>
    </p>
   </div>
   <div class='ocr_carea' id='block_1_2' title="bbox 17 403 1866 2190">
    <p class='ocr_par' dir='ltr' id='par_1_2' title="bbox 71 403 1866 1827">
     <span class='ocr_line' id='line_1_2' title="bbox 84 403 1864 524; baseline 0.01 -41"><span class='ocrx_word' id='word_1_10' title='bbox 84 411 226 509; x_wconf 73' lang='lat' dir='ltr'>Scaligrtt&#39;</span> <span class='ocrx_word' id='word_1_11' title='bbox 240 408 442 510; x_wconf 75' lang='lat' dir='ltr'>inrepserunt,</span> <span class='ocrx_word' id='word_1_12' title='bbox 457 405 545 507; x_wconf 86' lang='lat' dir='ltr'>quod</span> <span class='ocrx_word' id='word_1_13' title='bbox 560 405 648 508; x_wconf 65' lang='lat' dir='ltr'>apud</span> <span class='ocrx_word' id='word_1_14' title='bbox 660 407 738 501; x_wconf 72' lang='lat' dir='ltr'>Joh.</span> <span class='ocrx_word' id='word_1_15' title='bbox 757 403 928 507; x_wconf 78' lang='lat' dir='ltr'><em>Crispinum</em></span> <span class='ocrx_word' id='word_1_16' title='bbox 945 411 1156 480; x_wconf 83' lang='lat' dir='ltr'>Calvininnnm</span> <span class='ocrx_word' id='word_1_17' title='bbox 1168 417 1274 510; x_wconf 76' lang='lat' dir='ltr'>primo</span> <span class='ocrx_word' id='word_1_18' title='bbox 1298 410 1312 510; x_wconf 84' lang='lat'>(</span> <span class='ocrx_word' id='word_1_19' title='bbox 1320 409 1390 488; x_wconf 86' lang='lat' dir='ltr'>An.</span> <span class='ocrx_word' id='word_1_20' title='bbox 1415 419 1528 516; x_wconf 70' lang='lat' dir='ltr'>r561.)</span> <span class='ocrx_word' id='word_1_21' title='bbox 1549 421 1626 494; x_wconf 79' lang='lat' dir='ltr'>editi</span> <span class='ocrx_word' id='word_1_22' title='bbox 1635 423 1725 524; x_wconf 77' lang='lat' dir='ltr'>finnt,</span> <span class='ocrx_word' id='word_1_23' title='bbox 1815 403 1819 410; x_wconf 31' lang='lat'><strong>¹</strong></span> <span class='ocrx_word' id='word_1_24' title='bbox 1861 509 1864 518; x_wconf 39' lang='lat'>,</span> 
     </span>
     <span class='ocr_line' id='line_1_3' title="bbox 82 505 1856 616; baseline 0.009 -34"><span class='ocrx_word' id='word_1_25' title='bbox 82 516 148 582; x_wconf 82' lang='lat' dir='ltr'>liert</span> <span class='ocrx_word' id='word_1_26' title='bbox 162 514 261 581; x_wconf 84' lang='lat' dir='ltr'>lorum</span> <span class='ocrx_word' id='word_1_27' title='bbox 274 505 531 610; x_wconf 63' lang='lat' dir='ltr'>‘upprefferia&#39;ut</span> <span class='ocrx_word' id='word_1_28' title='bbox 549 508 668 576; x_wconf 67' lang='lat' dir='ltr'>aarum</span> <span class='ocrx_word' id='word_1_29' title='bbox 689 513 792 605; x_wconf 71' lang='lat' dir='ltr'>ungit·</span> <span class='ocrx_word' id='word_1_30' title='bbox 804 505 893 606; x_wconf 57' lang='lat' dir='ltr'>mstnt</span> <span class='ocrx_word' id='word_1_31' title='bbox 906 511 1116 608; x_wconf 71' lang='lat' dir='ltr'>exemplaria:</span> <span class='ocrx_word' id='word_1_32' title='bbox 1137 537 1209 580; x_wconf 91' lang='lat' dir='ltr'>cnm</span> <span class='ocrx_word' id='word_1_33' title='bbox 1225 510 1268 585; x_wconf 55' lang='grc' dir='ltr'><em>δῖ</em></span> <span class='ocrx_word' id='word_1_34' title='bbox 1283 539 1349 614; x_wconf 84' lang='lat' dir='ltr'>qun</span> <span class='ocrx_word' id='word_1_35' title='bbox 1365 513 1441 586; x_wconf 76' lang='lat' dir='ltr'>nol.</span> <span class='ocrx_word' id='word_1_36' title='bbox 1454 521 1724 616; x_wconf 62' lang='lat' dir='ltr'>ConstantiniMe·</span> <span class='ocrx_word' id='word_1_37' title='bbox 1852 525 1856 532; x_wconf 70' lang='grc'><strong>’</strong></span> 
     </span>
     <span class='ocr_line' id='line_1_4' title="bbox 84 603 1729 726; baseline 0.01 -44"><span class='ocrx_word' id='word_1_38' title='bbox 84 613 147 696; x_wconf 84' lang='lat' dir='ltr'>dici,</span> <span class='ocrx_word' id='word_1_39' title='bbox 162 612 207 681; x_wconf 79' lang='lat' dir='ltr'>nd</span> <span class='ocrx_word' id='word_1_40' title='bbox 215 609 346 680; x_wconf 61' lang='lat' dir='ltr'>eratum</span> <span class='ocrx_word' id='word_1_41' title='bbox 360 607 439 702; x_wconf 77' lang='lat' dir='ltr'>Joh.</span> <span class='ocrx_word' id='word_1_42' title='bbox 453 603 623 705; x_wconf 72' lang='lat' dir='ltr'>(It-isjtumm</span> <span class='ocrx_word' id='word_1_43' title='bbox 640 607 678 677; x_wconf 79' lang='lat' dir='ltr'>de</span> <span class='ocrx_word' id='word_1_44' title='bbox 695 608 846 706; x_wconf 59' lang='lat' dir='ltr'>Scaligerr‘</span> <span class='ocrx_word' id='word_1_45' title='bbox 857 605 945 677; x_wconf 79' lang='lat' dir='ltr'>libris</span> <span class='ocrx_word' id='word_1_46' title='bbox 958 607 1075 704; x_wconf 68' lang='lat' dir='ltr'>inesarta</span> <span class='ocrx_word' id='word_1_47' title='bbox 1089 611 1128 706; x_wconf 81' lang='lat' dir='ltr'>est</span> <span class='ocrx_word' id='word_1_48' title='bbox 1141 612 1268 712; x_wconf 78' lang='lat' dir='ltr'>clelolu,</span> <span class='ocrx_word' id='word_1_49' title='bbox 1286 613 1352 714; x_wconf 73' lang='lat' dir='ltr'>pasl</span> <span class='ocrx_word' id='word_1_50' title='bbox 1364 619 1499 712; x_wconf 74' lang='lat' dir='ltr'>ajtrsdcm</span> <span class='ocrx_word' id='word_1_51' title='bbox 1520 625 1669 726; x_wconf 59' lang='lat' dir='ltr'>Scaligeri</span> <span class='ocrx_word' id='word_1_52' title='bbox 1683 630 1729 702; x_wconf 81' lang='lat' dir='ltr'>ad</span> 
     </span>
     <span class='ocr_line' id='line_1_5' title="bbox 82 705 1866 817; baseline 0.013 -37"><span class='ocrx_word' id='word_1_53' title='bbox 82 707 323 806; x_wconf 51' lang='lat' dir='ltr'>ilyloinmfilinm</span> <span class='ocrx_word' id='word_1_54' title='bbox 334 709 559 810; x_wconf 71' lang='lat' dir='ltr'>prnfutt&#39;onem,</span> <span class='ocrx_word' id='word_1_55' title='bbox 576 707 769 802; x_wconf 69' lang='lat' dir='ltr'>tollendafit,</span> <span class='ocrx_word' id='word_1_56' title='bbox 784 732 838 776; x_wconf 78' lang='lat' dir='ltr'>trec</span> <span class='ocrx_word' id='word_1_57' title='bbox 851 705 911 807; x_wconf 73' lang='lat' dir='ltr'>ipfi&#39;</span> <span class='ocrx_word' id='word_1_58' title='bbox 950 705 1104 809; x_wconf 77' lang='lat' dir='ltr'><em>Crispinus</em></span> <span class='ocrx_word' id='word_1_59' title='bbox 1135 737 1155 784; x_wconf 80' lang='lat' dir='ltr'>a</span> <span class='ocrx_word' id='word_1_60' title='bbox 1192 715 1309 783; x_wconf 83' lang='lat' dir='ltr'>Senatu</span> <span class='ocrx_word' id='word_1_61' title='bbox 1350 719 1507 817; x_wconf 75' lang='lat' dir='ltr'>Parrsnnfi</span> <span class='ocrx_word' id='word_1_62' title='bbox 1539 725 1648 796; x_wconf 80' lang='lat' dir='ltr'>edendi</span> <span class='ocrx_word' id='word_1_63' title='bbox 1677 755 1729 802; x_wconf 86' lang='lat' dir='ltr'>ror</span> <span class='ocrx_word' id='word_1_64' title='bbox 1862 754 1866 764; x_wconf 61' lang='lat'>¹</span> 
     </span>
     <span class='ocr_line' id='line_1_6' title="bbox 81 806 1731 930; baseline 0.009 -47"><span class='ocrx_word' id='word_1_65' title='bbox 81 817 212 884; x_wconf 76' lang='lat' dir='ltr'>Porum</span> <span class='ocrx_word' id='word_1_66' title='bbox 231 807 527 905; x_wconf 78' lang='lat' dir='ltr'>libror&#39;sacnltatem</span> <span class='ocrx_word' id='word_1_67' title='bbox 547 815 722 908; x_wconf 79' lang='lat' dir='ltr'><em>exprimere</em></span> <span class='ocrx_word' id='word_1_68' title='bbox 733 806 884 906; x_wconf 59' lang='lat' dir='ltr'>patrnffln</span> <span class='ocrx_word' id='word_1_69' title='bbox 900 809 954 906; x_wconf 68' lang='lat' dir='ltr'>mss</span> <span class='ocrx_word' id='word_1_70' title='bbox 967 811 1182 909; x_wconf 74' lang='lat' dir='ltr'>Ltcgdnnenssr,</span> <span class='ocrx_word' id='word_1_71' title='bbox 1199 817 1382 924; x_wconf 74' lang='lat' dir='ltr'><em>typographi</em></span> <span class='ocrx_word' id='word_1_72' title='bbox 1397 825 1471 890; x_wconf 85' lang='lat' dir='ltr'>Ant.</span> <span class='ocrx_word' id='word_1_73' title='bbox 1489 827 1649 922; x_wconf 74' lang='lat' dir='ltr'>Wncrntt&#39;i,</span> <span class='ocrx_word' id='word_1_74' title='bbox 1663 851 1731 930; x_wconf 80' lang='lat' dir='ltr'>ope-</span> 
     </span>
     <span class='ocr_line' id='line_1_7' title="bbox 82 902 1731 1014; baseline 0.011 -33"><span class='ocrx_word' id='word_1_75' title='bbox 82 937 119 984; x_wconf 82' lang='lat' dir='ltr'>ra</span> <span class='ocrx_word' id='word_1_76' title='bbox 134 907 176 986; x_wconf 54' lang='grc' dir='ltr'>εἴ</span> <span class='ocrx_word' id='word_1_77' title='bbox 189 919 310 982; x_wconf 73' lang='lat' dir='ltr'>mnne</span> <span class='ocrx_word' id='word_1_78' title='bbox 324 905 432 1006; x_wconf 81' lang='lat' dir='ltr'>abufiu</span> <span class='ocrx_word' id='word_1_79' title='bbox 439 905 557 1006; x_wconf 76' lang='lat' dir='ltr'>stuffet.</span> <span class='ocrx_word' id='word_1_80' title='bbox 608 911 722 1004; x_wconf 62' lang='lat' dir='ltr'>Quare</span> <span class='ocrx_word' id='word_1_81' title='bbox 737 902 1003 1012; x_wconf 15' lang='lat' dir='ltr'>&amp;Eprma&#39;legium</span> <span class='ocrx_word' id='word_1_82' title='bbox 1035 907 1079 984; x_wconf 58' lang='grc' dir='ltr'>εἴ</span> <span class='ocrx_word' id='word_1_83' title='bbox 1099 914 1187 1011; x_wconf 84' lang='lat' dir='ltr'>qnod</span> <span class='ocrx_word' id='word_1_84' title='bbox 1199 911 1372 1010; x_wconf 72' lang='lat' dir='ltr'>jubjailnm</span> <span class='ocrx_word' id='word_1_85' title='bbox 1394 917 1442 1014; x_wconf 75' lang='lat' dir='ltr'>est,</span> <span class='ocrx_word' id='word_1_86' title='bbox 1465 923 1573 994; x_wconf 75' lang='lat' dir='ltr'>aran.</span> <span class='ocrx_word' id='word_1_87' title='bbox 1601 929 1731 1003; x_wconf 82' lang='lat' dir='ltr'>Beruldi</span> 
     </span>
     <span class='ocr_line' id='line_1_8' title="bbox 81 1009 1729 1118; baseline 0.013 -43"><span class='ocrx_word' id='word_1_88' title='bbox 81 1017 276 1114; x_wconf 75' lang='lat' dir='ltr'>Eqirramma</span> <span class='ocrx_word' id='word_1_89' title='bbox 291 1015 443 1091; x_wconf 76' lang='lat' dir='ltr'>Gratum,</span> <span class='ocrx_word' id='word_1_90' title='bbox 456 1028 526 1078; x_wconf 82' lang='lat' dir='ltr'>tum</span> <span class='ocrx_word' id='word_1_91' title='bbox 541 1015 573 1077; x_wconf 86' lang='lat' dir='ltr'>in</span> <span class='ocrx_word' id='word_1_92' title='bbox 586 1009 746 1106; x_wconf 63' lang='lat' dir='ltr'>Scaligrrt,</span> <span class='ocrx_word' id='word_1_93' title='bbox 773 1025 842 1078; x_wconf 83' lang='lat' dir='ltr'>turn</span> <span class='ocrx_word' id='word_1_94' title='bbox 859 1012 956 1078; x_wconf 80' lang='lat' dir='ltr'>etiarn</span> <span class='ocrx_word' id='word_1_95' title='bbox 963 1013 1000 1078; x_wconf 78' lang='lat' dir='ltr'>&#39;in</span> <span class='ocrx_word' id='word_1_96' title='bbox 1011 1011 1102 1110; x_wconf 80' lang='lat' dir='ltr'>ilenr</span> <span class='ocrx_word' id='word_1_97' title='bbox 1114 1012 1253 1112; x_wconf 74' lang='lat' dir='ltr'><em>Crispini,</em></span> <span class='ocrx_word' id='word_1_98' title='bbox 1278 1013 1408 1088; x_wconf 82' lang='lat' dir='ltr'>hominis</span> <span class='ocrx_word' id='word_1_99' title='bbox 1419 1019 1588 1118; x_wconf 73' lang='lat' dir='ltr'>peslr&#39;lmtir,</span> <span class='ocrx_word' id='word_1_100' title='bbox 1606 1029 1729 1102; x_wconf 78' lang='lat' dir='ltr'>landem</span> 
     </span>
     <span class='ocr_line' id='line_1_9' title="bbox 73 1081 1727 1212; baseline 0.014 -31"><span class='ocrx_word' id='word_1_101' title='bbox 73 1081 236 1212; x_wconf 52' lang='lat' dir='ltr'>scribtum,</span> <span class='ocrx_word' id='word_1_102' title='bbox 249 1117 321 1211; x_wconf 79' lang='lat' dir='ltr'>pari</span> <span class='ocrx_word' id='word_1_103' title='bbox 333 1135 413 1179; x_wconf 81' lang='lat' dir='ltr'>cura</span> <span class='ocrx_word' id='word_1_104' title='bbox 426 1133 467 1180; x_wconf 84' lang='lat' dir='ltr'>ex</span> <span class='ocrx_word' id='word_1_105' title='bbox 479 1109 536 1178; x_wconf 84' lang='lat' dir='ltr'>hoc</span> <span class='ocrx_word' id='word_1_106' title='bbox 548 1129 638 1208; x_wconf 77' lang='lat' dir='ltr'>opera</span> <span class='ocrx_word' id='word_1_107' title='bbox 654 1107 852 1204; x_wconf 76' lang='lat' dir='ltr'>eximendum</span> <span class='ocrx_word' id='word_1_108' title='bbox 864 1109 911 1203; x_wconf 74' lang='lat' dir='ltr'>aql.</span> <span class='ocrx_word' id='word_1_109' title='bbox 963 1108 1127 1211; x_wconf 73' lang='lat' dir='ltr'>Ittgenue</span> <span class='ocrx_word' id='word_1_110' title='bbox 1153 1111 1280 1210; x_wconf 85' lang='lat' dir='ltr'>fateor,</span> <span class='ocrx_word' id='word_1_111' title='bbox 1306 1137 1366 1187; x_wconf 86' lang='lat' dir='ltr'>me</span> <span class='ocrx_word' id='word_1_112' title='bbox 1381 1116 1461 1192; x_wconf 82' lang='lat' dir='ltr'>baec</span> <span class='ocrx_word' id='word_1_113' title='bbox 1480 1125 1597 1200; x_wconf 84' lang='lat' dir='ltr'>multo</span> <span class='ocrx_word' id='word_1_114' title='bbox 1620 1130 1727 1204; x_wconf 84' lang='lat' dir='ltr'>etiam</span> 
     </span>
     <span class='ocr_line' id='line_1_10' title="bbox 82 1205 1727 1330; baseline 0.012 -44"><span class='ocrx_word' id='word_1_115' title='bbox 82 1215 197 1286; x_wconf 88' lang='lat' dir='ltr'>minus</span> <span class='ocrx_word' id='word_1_116' title='bbox 211 1209 371 1304; x_wconf 86' lang='lat' dir='ltr'>credere,</span> <span class='ocrx_word' id='word_1_117' title='bbox 386 1231 493 1305; x_wconf 89' lang='lat' dir='ltr'>quam</span> <span class='ocrx_word' id='word_1_118' title='bbox 512 1211 645 1307; x_wconf 88' lang='lat' dir='ltr'>priora.</span> <span class='ocrx_word' id='word_1_119' title='bbox 722 1205 797 1280; x_wconf 88' lang='lat' dir='ltr'>Vix</span> <span class='ocrx_word' id='word_1_120' title='bbox 820 1209 917 1280; x_wconf 87' lang='lat' dir='ltr'>enim</span> <span class='ocrx_word' id='word_1_121' title='bbox 939 1206 1000 1306; x_wconf 89' lang='lat' dir='ltr'>est,</span> <span class='ocrx_word' id='word_1_122' title='bbox 1039 1233 1081 1284; x_wconf 90' lang='lat' dir='ltr'>ut</span> <span class='ocrx_word' id='word_1_123' title='bbox 1101 1211 1289 1308; x_wconf 85' lang='lat' dir='ltr'>quisquam</span> <span class='ocrx_word' id='word_1_124' title='bbox 1308 1211 1465 1292; x_wconf 70' lang='lat' dir='ltr'>Poeticae</span> <span class='ocrx_word' id='word_1_125' title='bbox 1485 1221 1727 1330; x_wconf 85' lang='lat' dir='ltr'>Theologica,</span> 
     </span>
     <span class='ocr_line' id='line_1_11' title="bbox 79 1303 1728 1418; baseline 0.013 -34"><span class='ocrx_word' id='word_1_126' title='bbox 79 1333 212 1412; x_wconf 81' lang='lat' dir='ltr'>prater</span> <span class='ocrx_word' id='word_1_127' title='bbox 227 1308 379 1383; x_wconf 83' lang='lat' dir='ltr'>Autotis</span> <span class='ocrx_word' id='word_1_128' title='bbox 396 1328 558 1382; x_wconf 82' lang='lat' dir='ltr'>mentem</span> <span class='ocrx_word' id='word_1_129' title='bbox 573 1305 725 1380; x_wconf 84' lang='lat' dir='ltr'>inserere</span> <span class='ocrx_word' id='word_1_130' title='bbox 740 1303 889 1381; x_wconf 85' lang='lat' dir='ltr'>voluille</span> <span class='ocrx_word' id='word_1_131' title='bbox 906 1307 1005 1382; x_wconf 89' lang='lat' dir='ltr'>credi</span> <span class='ocrx_word' id='word_1_132' title='bbox 1050 1305 1148 1384; x_wconf 83' lang='lat' dir='ltr'>offit:</span> <span class='ocrx_word' id='word_1_133' title='bbox 1175 1311 1226 1410; x_wconf 77' lang='lat' dir='ltr'>dt,</span> <span class='ocrx_word' id='word_1_134' title='bbox 1248 1313 1351 1416; x_wconf 82' lang='lat' dir='ltr'>quod</span> <span class='ocrx_word' id='word_1_135' title='bbox 1374 1339 1489 1394; x_wconf 88' lang='lat' dir='ltr'>cetera</span> <span class='ocrx_word' id='word_1_136' title='bbox 1503 1327 1639 1416; x_wconf 83' lang='lat' dir='ltr'>attinet,</span> <span class='ocrx_word' id='word_1_137' title='bbox 1651 1354 1728 1418; x_wconf 77' lang='lat' dir='ltr'>aton</span> 
     </span>
     <span class='ocr_line' id='line_1_12' title="bbox 80 1403 1728 1530; baseline 0.01 -45"><span class='ocrx_word' id='word_1_138' title='bbox 80 1409 207 1487; x_wconf 85' lang='lat' dir='ltr'>tulillet</span> <span class='ocrx_word' id='word_1_139' title='bbox 219 1408 286 1505; x_wconf 86' lang='lat' dir='ltr'>Jul.</span> <span class='ocrx_word' id='word_1_140' title='bbox 296 1405 451 1484; x_wconf 75' lang='lat' dir='ltr'>Calatis</span> <span class='ocrx_word' id='word_1_141' title='bbox 467 1403 572 1503; x_wconf 89' lang='lat' dir='ltr'>filius,</span> <span class='ocrx_word' id='word_1_142' title='bbox 586 1404 654 1500; x_wconf 77' lang='lat' dir='ltr'>jol</span> <span class='ocrx_word' id='word_1_143' title='bbox 667 1405 845 1508; x_wconf 77' lang='lat' dir='ltr'>Scaliger:</span> <span class='ocrx_word' id='word_1_144' title='bbox 866 1427 985 1482; x_wconf 88' lang='lat' dir='ltr'>tantus</span> <span class='ocrx_word' id='word_1_145' title='bbox 1019 1411 1169 1508; x_wconf 69' lang='lat' dir='ltr'>mirleus,</span> <span class='ocrx_word' id='word_1_146' title='bbox 1185 1432 1378 1512; x_wconf 87' lang='lat' dir='ltr'>tantusque</span> <span class='ocrx_word' id='word_1_147' title='bbox 1393 1421 1503 1516; x_wconf 86' lang='lat' dir='ltr'>patris</span> <span class='ocrx_word' id='word_1_148' title='bbox 1518 1421 1728 1530; x_wconf 86' lang='lat' dir='ltr'>hyperaspi-</span> 
     </span>
     <span class='ocr_line' id='line_1_13' title="bbox 71 1503 1818 1630; baseline 0.009 -41"><span class='ocrx_word' id='word_1_149' title='bbox 71 1509 164 1590; x_wconf 85' lang='lat' dir='ltr'>stes:</span> <span class='ocrx_word' id='word_1_150' title='bbox 188 1533 299 1608; x_wconf 88' lang='lat' dir='ltr'>quem</span> <span class='ocrx_word' id='word_1_151' title='bbox 323 1507 403 1582; x_wconf 82' lang='lat' dir='ltr'>haec</span> <span class='ocrx_word' id='word_1_152' title='bbox 417 1507 496 1581; x_wconf 86' lang='lat' dir='ltr'>talia</span> <span class='ocrx_word' id='word_1_153' title='bbox 509 1503 640 1620; x_wconf 82' lang='lat' dir='ltr'>fugere</span> <span class='ocrx_word' id='word_1_154' title='bbox 656 1521 732 1582; x_wconf 87' lang='lat' dir='ltr'>non</span> <span class='ocrx_word' id='word_1_155' title='bbox 747 1527 927 1605; x_wconf 90' lang='lat' dir='ltr'>poterant.</span> <span class='ocrx_word' id='word_1_156' title='bbox 978 1507 1076 1610; x_wconf 78' lang='lat' dir='ltr'>Qtae</span> <span class='ocrx_word' id='word_1_157' title='bbox 1095 1533 1188 1586; x_wconf 89' lang='lat' dir='ltr'>vero</span> <span class='ocrx_word' id='word_1_158' title='bbox 1209 1509 1256 1586; x_wconf 89' lang='lat' dir='ltr'>de</span> <span class='ocrx_word' id='word_1_159' title='bbox 1278 1514 1445 1616; x_wconf 81' lang='lat' dir='ltr'>exprello</span> <span class='ocrx_word' id='word_1_160' title='bbox 1465 1517 1591 1598; x_wconf 90' lang='lat' dir='ltr'>fraude</span> <span class='ocrx_word' id='word_1_161' title='bbox 1612 1530 1725 1630; x_wconf 89' lang='lat' dir='ltr'>privi·</span> <span class='ocrx_word' id='word_1_162' title='bbox 1811 1528 1818 1538; x_wconf 86' lang='grc'><em>“</em></span> 
     </span>
     <span class='ocr_line' id='line_1_14' title="bbox 80 1601 1724 1708; baseline 0.013 -22"><span class='ocrx_word' id='word_1_163' title='bbox 80 1612 177 1686; x_wconf 82' lang='lat' dir='ltr'>lenio</span> <span class='ocrx_word' id='word_1_164' title='bbox 196 1608 414 1708; x_wconf 86' lang='lat' dir='ltr'>Bibliopolae</span> <span class='ocrx_word' id='word_1_165' title='bbox 430 1601 641 1680; x_wconf 85' lang='lat' dir='ltr'>Pollevmus</span> <span class='ocrx_word' id='word_1_166' title='bbox 655 1603 783 1703; x_wconf 83' lang='lat' dir='ltr'>refert,</span> <span class='ocrx_word' id='word_1_167' title='bbox 807 1605 904 1679; x_wconf 83' lang='lat' dir='ltr'>haud</span> <span class='ocrx_word' id='word_1_168' title='bbox 927 1608 1064 1684; x_wconf 86' lang='lat' dir='ltr'>invitus</span> <span class='ocrx_word' id='word_1_169' title='bbox 1089 1609 1333 1686; x_wconf 76' lang='lat' dir='ltr'><strong>concesserim.</strong></span> <span class='ocrx_word' id='word_1_170' title='bbox 1382 1614 1445 1690; x_wconf 87' lang='lat' dir='ltr'>Est</span> <span class='ocrx_word' id='word_1_171' title='bbox 1461 1619 1533 1695; x_wconf 92' lang='lat' dir='ltr'>hoc</span> <span class='ocrx_word' id='word_1_172' title='bbox 1553 1629 1653 1704; x_wconf 87' lang='lat' dir='ltr'>enim</span> <span class='ocrx_word' id='word_1_173' title='bbox 1668 1627 1724 1707; x_wconf 89' lang='lat' dir='ltr'>bis</span> 
     </span>
     <span class='ocr_line' id='line_1_15' title="bbox 79 1679 1724 1827; baseline 0.01 -41"><span class='ocrx_word' id='word_1_174' title='bbox 79 1679 287 1786; x_wconf 69' lang='lat' dir='ltr'>hdminibus</span> <span class='ocrx_word' id='word_1_175' title='bbox 302 1702 488 1782; x_wconf 64' lang='lat' dir='ltr'>familiare</span> <span class='ocrx_word' id='word_1_176' title='bbox 535 1705 724 1802; x_wconf 85' lang='lat' dir='ltr'>Ceterum,</span> <span class='ocrx_word' id='word_1_177' title='bbox 743 1704 844 1802; x_wconf 90' lang='lat' dir='ltr'>quod</span> <span class='ocrx_word' id='word_1_178' title='bbox 866 1710 967 1810; x_wconf 65' lang='grc' dir='ltr'><strong><em>κρίσιν</em></strong></span> <span class='ocrx_word' id='word_1_179' title='bbox 990 1707 1163 1812; x_wconf 84' lang='lat' dir='ltr'>Scaligeri</span> <span class='ocrx_word' id='word_1_180' title='bbox 1185 1715 1384 1811; x_wconf 77' lang='lat' dir='ltr'>concernit,</span> <span class='ocrx_word' id='word_1_181' title='bbox 1410 1741 1487 1792; x_wconf 87' lang='lat' dir='ltr'>non</span> <span class='ocrx_word' id='word_1_182' title='bbox 1507 1720 1651 1827; x_wconf 83' lang='lat' dir='ltr'>semper</span> <span class='ocrx_word' id='word_1_183' title='bbox 1667 1729 1724 1809; x_wconf 88' lang='lat' dir='ltr'>illa</span> 
     </span>
    </p>

    <p class='ocr_par' dir='ltr' id='par_1_3' title="bbox 18 1804 1855 2114">
     <span class='ocr_line' id='line_1_16' title="bbox 18 1804 1725 1922; baseline 0.012 -46"><span class='ocrx_word' id='word_1_184' title='bbox 18 1873 19 1876; x_wconf 5' lang='grc' dir='ltr'>γ</span> <span class='ocrx_word' id='word_1_185' title='bbox 42 1881 47 1890; x_wconf 80' lang='grc'>,</span> <span class='ocrx_word' id='word_1_186' title='bbox 79 1811 266 1913; x_wconf 85' lang='lat' dir='ltr'>probanda</span> <span class='ocrx_word' id='word_1_187' title='bbox 282 1805 344 1906; x_wconf 81' lang='lat' dir='ltr'>est,</span> <span class='ocrx_word' id='word_1_188' title='bbox 360 1811 501 1908; x_wconf 87' lang='lat' dir='ltr'>quippe</span> <span class='ocrx_word' id='word_1_189' title='bbox 526 1805 697 1881; x_wconf 80' lang='lat' dir='ltr'>audacior</span> <span class='ocrx_word' id='word_1_190' title='bbox 719 1804 816 1906; x_wconf 76' lang='lat' dir='ltr'>haud</span> <span class='ocrx_word' id='word_1_191' title='bbox 841 1829 923 1882; x_wconf 87' lang='lat' dir='ltr'>raro</span> <span class='ocrx_word' id='word_1_192' title='bbox 943 1809 981 1882; x_wconf 82' lang='lat' dir='ltr'>dt</span> <span class='ocrx_word' id='word_1_193' title='bbox 1001 1829 1141 1883; x_wconf 86' lang='lat' dir='ltr'>tantum</span> <span class='ocrx_word' id='word_1_194' title='bbox 1164 1833 1255 1885; x_wconf 90' lang='lat' dir='ltr'>non·</span> <span class='ocrx_word' id='word_1_195' title='bbox 1271 1819 1476 1911; x_wconf 86' lang='lat' dir='ltr'>temeraria:</span> <span class='ocrx_word' id='word_1_196' title='bbox 1501 1820 1536 1895; x_wconf 89' lang='lat' dir='ltr'>id</span> <span class='ocrx_word' id='word_1_197' title='bbox 1559 1829 1660 1922; x_wconf 82' lang='lat' dir='ltr'>quod</span> <span class='ocrx_word' id='word_1_198' title='bbox 1679 1857 1725 1910; x_wconf 77' lang='lat' dir='ltr'>ex</span> 
     </span>
     <span class='ocr_line' id='line_1_17' title="bbox 81 1902 1855 2010; baseline 0.015 -25"><span class='ocrx_word' id='word_1_199' title='bbox 81 1913 154 2010; x_wconf 86' lang='lat' dir='ltr'>ejus</span> <span class='ocrx_word' id='word_1_200' title='bbox 189 1909 326 2009; x_wconf 80' lang='lat' dir='ltr'>jndicio</span> <span class='ocrx_word' id='word_1_201' title='bbox 362 1907 409 1982; x_wconf 88' lang='lat' dir='ltr'>de</span> <span class='ocrx_word' id='word_1_202' title='bbox 431 1908 545 1980; x_wconf 79' lang='lat' dir='ltr'>Statio</span> <span class='ocrx_word' id='word_1_203' title='bbox 576 1902 759 1978; x_wconf 85' lang='lat' dir='ltr'>manifeste</span> <span class='ocrx_word' id='word_1_204' title='bbox 778 1922 887 2005; x_wconf 90' lang='lat' dir='ltr'>patet,</span> <span class='ocrx_word' id='word_1_205' title='bbox 906 1929 1017 2003; x_wconf 89' lang='lat' dir='ltr'>quem</span> <span class='ocrx_word' id='word_1_206' title='bbox 1033 1911 1152 1984; x_wconf 90' lang='lat' dir='ltr'>nimiis</span> <span class='ocrx_word' id='word_1_207' title='bbox 1170 1908 1336 1988; x_wconf 87' lang='lat' dir='ltr'>laudibus</span> <span class='ocrx_word' id='word_1_208' title='bbox 1359 1920 1522 1997; x_wconf 78' lang='lat' dir='ltr'>extollit:</span> <span class='ocrx_word' id='word_1_209' title='bbox 1549 1949 1588 2000; x_wconf 91' lang='lat' dir='ltr'>ut</span> <span class='ocrx_word' id='word_1_210' title='bbox 1610 1927 1657 2006; x_wconf 87' lang='lat' dir='ltr'>de</span> <span class='ocrx_word' id='word_1_211' title='bbox 1682 1935 1724 2010; x_wconf 89' lang='lat' dir='ltr'>iis</span> <span class='ocrx_word' id='word_1_212' title='bbox 1849 1927 1855 1934; x_wconf 64' lang='grc'><strong>’</strong></span> 
     </span>
     <span class='ocr_line' id='line_1_18' title="bbox 78 2001 1727 2114; baseline 0.007 -29"><span class='ocrx_word' id='word_1_213' title='bbox 78 2013 129 2085; x_wconf 87' lang='lat' dir='ltr'>nil</span> <span class='ocrx_word' id='word_1_214' title='bbox 145 2011 273 2107; x_wconf 84' lang='lat' dir='ltr'>dicam,</span> <span class='ocrx_word' id='word_1_215' title='bbox 292 2021 374 2103; x_wconf 82' lang='lat' dir='ltr'>quae</span> <span class='ocrx_word' id='word_1_216' title='bbox 391 2008 429 2079; x_wconf 92' lang='lat' dir='ltr'>in</span> <span class='ocrx_word' id='word_1_217' title='bbox 442 2023 701 2104; x_wconf 85' lang='lat' dir='ltr'>contemptum</span> <span class='ocrx_word' id='word_1_218' title='bbox 717 2001 929 2108; x_wconf 76' lang='lat' dir='ltr'>Homeri&amp;</span> <span class='ocrx_word' id='word_1_219' title='bbox 947 2005 1095 2082; x_wconf 84' lang='lat' dir='ltr'>Horatii</span> <span class='ocrx_word' id='word_1_220' title='bbox 1114 2006 1229 2110; x_wconf 85' lang='lat' dir='ltr'>affert,</span> <span class='ocrx_word' id='word_1_221' title='bbox 1244 2009 1282 2087; x_wconf 81' lang='lat' dir='ltr'>dt</span> <span class='ocrx_word' id='word_1_222' title='bbox 1295 2035 1379 2110; x_wconf 85' lang='lat' dir='ltr'>quae</span> <span class='ocrx_word' id='word_1_223' title='bbox 1393 2016 1437 2092; x_wconf 89' lang='lat' dir='ltr'>ab</span> <span class='ocrx_word' id='word_1_224' title='bbox 1451 2021 1525 2100; x_wconf 83' lang='lat' dir='ltr'>aliis</span> <span class='ocrx_word' id='word_1_225' title='bbox 1541 2028 1727 2114; x_wconf 66' lang='lat' dir='ltr'>confutata</span> 
     </span>
    </p>

    <p class='ocr_par' dir='ltr' id='par_1_4' title="bbox 17 2110 459 2190">
     <span class='ocr_line' id='line_1_19' title="bbox 17 2110 459 2190; baseline -0.023 0"><span class='ocrx_word' id='word_1_226' title='bbox 17 2185 18 2190; x_wconf 9' lang='grc' dir='ltr'><strong><em>Ν</em></strong></span> <span class='ocrx_word' id='word_1_227' title='bbox 76 2111 158 2188; x_wconf 88' lang='lat' dir='ltr'>alibi</span> <span class='ocrx_word' id='word_1_228' title='bbox 171 2110 420 2186; x_wconf 86' lang='lat' dir='ltr'>indicavimus.</span> <span class='ocrx_word' id='word_1_229' title='bbox 454 2119 459 2127; x_wconf 86' lang='lat'>&#39;</span> 
     </span>
    </p>
   </div>
   <div class='ocr_carea' id='block_1_3' title="bbox 68 2299 1847 4610">
    <p class='ocr_par' dir='ltr' id='par_1_5' title="bbox 68 2299 1847 4572">
     <span class='ocr_line' id='line_1_20' title="bbox 178 2299 1763 2430; baseline 0.019 -49"><span class='ocrx_word' id='word_1_230' title='bbox 178 2306 302 2382; x_wconf 86' lang='lat' dir='ltr'>Habet</span> <span class='ocrx_word' id='word_1_231' title='bbox 329 2307 463 2381; x_wconf 84' lang='lat' dir='ltr'>interea</span> <span class='ocrx_word' id='word_1_232' title='bbox 490 2325 569 2378; x_wconf 88' lang='lat' dir='ltr'>eam</span> <span class='ocrx_word' id='word_1_233' title='bbox 590 2301 746 2404; x_wconf 85' lang='lat' dir='ltr'>gloriam</span> <span class='ocrx_word' id='word_1_234' title='bbox 765 2299 829 2378; x_wconf 89' lang='lat' dir='ltr'>fibi</span> <span class='ocrx_word' id='word_1_235' title='bbox 860 2307 1051 2408; x_wconf 88' lang='lat' dir='ltr'>propriam</span> <span class='ocrx_word' id='word_1_236' title='bbox 1076 2303 1245 2412; x_wconf 80' lang='lat' dir='ltr'>Scaliger,</span> <span class='ocrx_word' id='word_1_237' title='bbox 1268 2311 1371 2410; x_wconf 93' lang='lat' dir='ltr'>quod</span> <span class='ocrx_word' id='word_1_238' title='bbox 1397 2319 1599 2418; x_wconf 86' lang='lat' dir='ltr'>primus&amp;</span> <span class='ocrx_word' id='word_1_239' title='bbox 1628 2355 1763 2430; x_wconf 81' lang='lat' dir='ltr'>unus7</span> 
     </span>
     <span class='ocr_line' id='line_1_21' title="bbox 76 2397 1727 2530; baseline 0.007 -48"><span class='ocrx_word' id='word_1_240' title='bbox 76 2429 226 2485; x_wconf 92' lang='lat' dir='ltr'>omnem</span> <span class='ocrx_word' id='word_1_241' title='bbox 243 2407 405 2482; x_wconf 79' lang='lat' dir='ltr'>poetices</span> <span class='ocrx_word' id='word_1_242' title='bbox 422 2407 599 2480; x_wconf 90' lang='lat' dir='ltr'>rationem</span> <span class='ocrx_word' id='word_1_243' title='bbox 614 2397 815 2476; x_wconf 66' lang='lat' dir='ltr'>clodiffime</span> <span class='ocrx_word' id='word_1_244' title='bbox 834 2406 1018 2505; x_wconf 85' lang='lat' dir='ltr'>explicuit,</span> <span class='ocrx_word' id='word_1_245' title='bbox 1038 2405 1140 2502; x_wconf 90' lang='lat' dir='ltr'>quod</span> <span class='ocrx_word' id='word_1_246' title='bbox 1163 2433 1207 2482; x_wconf 90' lang='lat' dir='ltr'>ne</span> <span class='ocrx_word' id='word_1_247' title='bbox 1235 2413 1383 2506; x_wconf 88' lang='lat' dir='ltr'>quidem</span> <span class='ocrx_word' id='word_1_248' title='bbox 1406 2418 1489 2519; x_wconf 89' lang='lat' dir='ltr'>post</span> <span class='ocrx_word' id='word_1_249' title='bbox 1508 2423 1609 2504; x_wconf 90' lang='lat' dir='ltr'>illum</span> <span class='ocrx_word' id='word_1_250' title='bbox 1631 2436 1727 2530; x_wconf 71' lang='lat' dir='ltr'>quis.</span> 
     </span>
     <span class='ocr_line' id='line_1_22' title="bbox 76 2501 1842 2628; baseline 0.011 -47"><span class='ocrx_word' id='word_1_251' title='bbox 76 2533 185 2606; x_wconf 91' lang='lat' dir='ltr'>quam</span> <span class='ocrx_word' id='word_1_252' title='bbox 199 2510 361 2584; x_wconf 85' lang='lat' dir='ltr'>tentavit.</span> <span class='ocrx_word' id='word_1_253' title='bbox 412 2506 512 2579; x_wconf 89' lang='lat' dir='ltr'>Nam</span> <span class='ocrx_word' id='word_1_254' title='bbox 527 2525 609 2600; x_wconf 76' lang='lat' dir='ltr'>qua</span> <span class='ocrx_word' id='word_1_255' title='bbox 631 2501 704 2594; x_wconf 81' lang='lat' dir='ltr'>Jnc.</span> <span class='ocrx_word' id='word_1_256' title='bbox 732 2503 929 2577; x_wconf 80' lang='lat' dir='ltr'>Pourxxus</span> <span class='ocrx_word' id='word_1_257' title='bbox 953 2504 1727 2628; x_wconf 63' lang='lat' dir='ltr'>habetinimitationibusPonticis,lngolstadii</span> <span class='ocrx_word' id='word_1_258' title='bbox 1742 2543 1773 2618; x_wconf 52' lang='lat' dir='ltr'><em>J</em></span> <span class='ocrx_word' id='word_1_259' title='bbox 1835 2603 1842 2609; x_wconf 80' lang='grc'><strong>,</strong></span> 
     </span>
     <span class='ocr_line' id='line_1_23' title="bbox 82 2600 1847 2716; baseline 0.018 -38"><span class='ocrx_word' id='word_1_260' title='bbox 82 2635 186 2704; x_wconf 80' lang='lat'>1597.</span> <span class='ocrx_word' id='word_1_261' title='bbox 209 2605 332 2680; x_wconf 87' lang='lat' dir='ltr'>editis:</span> <span class='ocrx_word' id='word_1_262' title='bbox 363 2629 445 2701; x_wconf 88' lang='lat' dir='ltr'>quae</span> <span class='ocrx_word' id='word_1_263' title='bbox 465 2606 552 2678; x_wconf 92' lang='lat' dir='ltr'>item</span> <span class='ocrx_word' id='word_1_264' title='bbox 580 2600 700 2674; x_wconf 79' lang='lat' dir='ltr'>Gara.</span> <span class='ocrx_word' id='word_1_265' title='bbox 724 2603 806 2696; x_wconf 82' lang='lat' dir='ltr'>Jox.</span> <span class='ocrx_word' id='word_1_266' title='bbox 831 2602 989 2678; x_wconf 80' lang='lat' dir='ltr'>Vossius</span> <span class='ocrx_word' id='word_1_267' title='bbox 1014 2607 1052 2676; x_wconf 90' lang='lat' dir='ltr'>in</span> <span class='ocrx_word' id='word_1_268' title='bbox 1072 2601 1173 2676; x_wconf 69' lang='lat' dir='ltr'>Libas</span> <span class='ocrx_word' id='word_1_269' title='bbox 1189 2611 1247 2677; x_wconf 86' lang='lat' dir='ltr'>HI.</span> <span class='ocrx_word' id='word_1_270' title='bbox 1272 2611 1405 2704; x_wconf 71' lang='lat' dir='ltr'>lnqllr&#39;rur.</span> <span class='ocrx_word' id='word_1_271' title='bbox 1431 2623 1639 2716; x_wconf 71' lang='lat' dir='ltr'>Perticarum,</span> <span class='ocrx_word' id='word_1_272' title='bbox 1662 2631 1725 2708; x_wconf 85' lang='lat' dir='ltr'>etst</span> <span class='ocrx_word' id='word_1_273' title='bbox 1832 2617 1847 2630; x_wconf 70' lang='grc'><strong>’</strong></span> 
     </span>
     <span class='ocr_line' id='line_1_24' title="bbox 75 2699 1724 2822; baseline 0.006 -37"><span class='ocrx_word' id='word_1_274' title='bbox 75 2733 153 2786; x_wconf 88' lang='lat' dir='ltr'>non</span> <span class='ocrx_word' id='word_1_275' title='bbox 168 2704 435 2782; x_wconf 86' lang='lat' dir='ltr'>contemnenda</span> <span class='ocrx_word' id='word_1_276' title='bbox 450 2700 536 2793; x_wconf 86' lang='lat' dir='ltr'>lint3</span> <span class='ocrx_word' id='word_1_277' title='bbox 561 2701 618 2776; x_wconf 89' lang='lat' dir='ltr'>his</span> <span class='ocrx_word' id='word_1_278' title='bbox 639 2721 757 2776; x_wconf 89' lang='lat' dir='ltr'>tamen</span> <span class='ocrx_word' id='word_1_279' title='bbox 774 2702 903 2799; x_wconf 89' lang='lat' dir='ltr'>utique</span> <span class='ocrx_word' id='word_1_280' title='bbox 931 2726 1008 2776; x_wconf 92' lang='lat' dir='ltr'>non</span> <span class='ocrx_word' id='word_1_281' title='bbox 1037 2699 1119 2777; x_wconf 92' lang='lat' dir='ltr'>sunt</span> <span class='ocrx_word' id='word_1_282' title='bbox 1146 2717 1408 2806; x_wconf 85' lang='lat' dir='ltr'>comparanda:</span> <span class='ocrx_word' id='word_1_283' title='bbox 1431 2716 1491 2794; x_wconf 87' lang='lat' dir='ltr'>sed</span> <span class='ocrx_word' id='word_1_284' title='bbox 1513 2722 1617 2822; x_wconf 87' lang='lat' dir='ltr'>plane</span> <span class='ocrx_word' id='word_1_285' title='bbox 1636 2729 1724 2807; x_wconf 79' lang='lat' dir='ltr'>alius</span> 
     </span>
     <span class='ocr_line' id='line_1_25' title="bbox 75 2801 1724 2934; baseline 0.014 -52"><span class='ocrx_word' id='word_1_286' title='bbox 75 2810 222 2934; x_wconf 69' lang='lat' dir='ltr'>generis</span> <span class='ocrx_word' id='word_1_287' title='bbox 237 2825 428 2906; x_wconf 68' lang='lat' dir='ltr'>praecepta.</span> <span class='ocrx_word' id='word_1_288' title='bbox 453 2803 685 2876; x_wconf 71' lang='lat' dir='ltr'>[auxentius</span> <span class='ocrx_word' id='word_1_289' title='bbox 709 2803 737 2872; x_wconf 80' lang='lat' dir='ltr'>ln</span> <span class='ocrx_word' id='word_1_290' title='bbox 762 2801 882 2899; x_wconf 81' lang='lat' dir='ltr'>Bxuu,</span> <span class='ocrx_word' id='word_1_291' title='bbox 905 2803 943 2874; x_wconf 92' lang='lat' dir='ltr'>in</span> <span class='ocrx_word' id='word_1_292' title='bbox 959 2805 1141 2902; x_wconf 78' lang='lat' dir='ltr'>Eloquentia</span> <span class='ocrx_word' id='word_1_293' title='bbox 1156 2805 1290 2891; x_wconf 82' lang='lat' dir='ltr'>Portica,</span> <span class='ocrx_word' id='word_1_294' title='bbox 1316 2832 1389 2886; x_wconf 93' lang='lat' dir='ltr'>non</span> <span class='ocrx_word' id='word_1_295' title='bbox 1414 2835 1487 2891; x_wconf 90' lang='lat' dir='ltr'>tam</span> <span class='ocrx_word' id='word_1_296' title='bbox 1515 2824 1724 2906; x_wconf 89' lang='lat' dir='ltr'>methodica</span> 
     </span>
     <span class='ocr_line' id='line_1_26' title="bbox 77 2899 1815 3076; baseline 0.016 -94"><span class='ocrx_word' id='word_1_297' title='bbox 77 2913 115 2983; x_wconf 73' lang='lat' dir='ltr'>dt</span> <span class='ocrx_word' id='word_1_298' title='bbox 144 2929 271 2982; x_wconf 85' lang='lat' dir='ltr'>ornata</span> <span class='ocrx_word' id='word_1_299' title='bbox 291 2904 337 2979; x_wconf 88' lang='lat' dir='ltr'>de</span> <span class='ocrx_word' id='word_1_300' title='bbox 366 2902 474 2978; x_wconf 87' lang='lat' dir='ltr'>rebus</span> <span class='ocrx_word' id='word_1_301' title='bbox 496 2901 652 2975; x_wconf 84' lang='lat' dir='ltr'>Po‘e&#39;ticis</span> <span class='ocrx_word' id='word_1_302' title='bbox 705 2923 878 3001; x_wconf 76' lang='lat' dir='ltr'>racepta,</span> <span class='ocrx_word' id='word_1_303' title='bbox 899 2925 1008 2998; x_wconf 90' lang='lat' dir='ltr'>quam</span> <span class='ocrx_word' id='word_1_304' title='bbox 1030 2899 1150 2976; x_wconf 86' lang='lat' dir='ltr'>nescio</span> <span class='ocrx_word' id='word_1_305' title='bbox 1171 2927 1265 3076; x_wconf 63' lang='lat' dir='ltr'>quos</span> <span class='ocrx_word' id='word_1_306' title='bbox 1285 2907 1406 2988; x_wconf 89' lang='lat' dir='ltr'>Locos</span> <span class='ocrx_word' id='word_1_307' title='bbox 1429 2913 1659 3004; x_wconf 82' lang='lat' dir='ltr'>Communes</span> <span class='ocrx_word' id='word_1_308' title='bbox 1687 2931 1726 3008; x_wconf 80' lang='lat' dir='ltr'>dt</span> <span class='ocrx_word' id='word_1_309' title='bbox 1810 2941 1815 2948; x_wconf 85' lang='lat'>&#39;</span> 
     </span>
     <span class='ocr_line' id='line_1_27' title="bbox 72 2997 1726 3108; baseline 0.015 -26"><span class='ocrx_word' id='word_1_310' title='bbox 72 3006 257 3108; x_wconf 84' lang='lat' dir='ltr'>Exempla</span> <span class='ocrx_word' id='word_1_311' title='bbox 269 3005 424 3099; x_wconf 71' lang='lat' dir='ltr'>Poenica,</span> <span class='ocrx_word' id='word_1_312' title='bbox 442 3025 487 3076; x_wconf 89' lang='lat' dir='ltr'>ex</span> <span class='ocrx_word' id='word_1_313' title='bbox 499 3001 574 3076; x_wconf 87' lang='lat' dir='ltr'>aliis</span> <span class='ocrx_word' id='word_1_314' title='bbox 587 3025 658 3076; x_wconf 88' lang='lat' dir='ltr'>eon</span> <span class='ocrx_word' id='word_1_315' title='bbox 674 2997 796 3101; x_wconf 85' lang='lat' dir='ltr'>cripstt</span> <span class='ocrx_word' id='word_1_316' title='bbox 810 3003 945 3101; x_wconf 87' lang='lat' dir='ltr'>potius,</span> <span class='ocrx_word' id='word_1_317' title='bbox 959 3025 1067 3097; x_wconf 84' lang='lat' dir='ltr'>quem</span> <span class='ocrx_word' id='word_1_318' title='bbox 1084 3001 1158 3102; x_wconf 89' lang='lat' dir='ltr'>ipse</span> <span class='ocrx_word' id='word_1_319' title='bbox 1186 3003 1319 3107; x_wconf 89' lang='lat' dir='ltr'>cripstt,</span> <span class='ocrx_word' id='word_1_320' title='bbox 1333 3036 1416 3107; x_wconf 81' lang='lat' dir='ltr'>quae</span> <span class='ocrx_word' id='word_1_321' title='bbox 1430 3037 1551 3096; x_wconf 83' lang='lat' dir='ltr'>tamen</span> <span class='ocrx_word' id='word_1_322' title='bbox 1570 3025 1643 3100; x_wconf 89' lang='lat' dir='ltr'>usui</span> <span class='ocrx_word' id='word_1_323' title='bbox 1658 3029 1726 3108; x_wconf 85' lang='lat' dir='ltr'>elle</span> 
     </span>
     <span class='ocr_line' id='line_1_28' title="bbox 74 3102 1724 3228; baseline 0.012 -45"><span class='ocrx_word' id='word_1_324' title='bbox 74 3105 237 3210; x_wconf 83' lang='lat' dir='ltr'>poliunt,</span> <span class='ocrx_word' id='word_1_325' title='bbox 260 3105 331 3198; x_wconf 79' lang='lat' dir='ltr'>ch.</span> <span class='ocrx_word' id='word_1_326' title='bbox 356 3105 512 3178; x_wconf 75' lang='lat' dir='ltr'>hlasana</span> <span class='ocrx_word' id='word_1_327' title='bbox 537 3102 677 3196; x_wconf 74' lang='lat' dir='ltr'>Palnsnn</span> <span class='ocrx_word' id='word_1_328' title='bbox 690 3105 874 3202; x_wconf 74' lang='lat' dir='ltr'>Eloquentia</span> <span class='ocrx_word' id='word_1_329' title='bbox 889 3107 1003 3203; x_wconf 67' lang='lat' dir='ltr'>Legata</span> <span class='ocrx_word' id='word_1_330' title='bbox 1016 3123 1093 3204; x_wconf 83' lang='lat' dir='ltr'>prae</span> <span class='ocrx_word' id='word_1_331' title='bbox 1109 3109 1236 3182; x_wconf 87' lang='lat' dir='ltr'>ceteris</span> <span class='ocrx_word' id='word_1_332' title='bbox 1252 3109 1343 3183; x_wconf 88' lang='lat' dir='ltr'>mihi</span> <span class='ocrx_word' id='word_1_333' title='bbox 1359 3111 1429 3190; x_wconf 81' lang='lat' dir='ltr'>sese</span> <span class='ocrx_word' id='word_1_334' title='bbox 1444 3121 1596 3218; x_wconf 87' lang='lat' dir='ltr'>probat:</span> <span class='ocrx_word' id='word_1_335' title='bbox 1621 3133 1724 3228; x_wconf 86' lang='lat' dir='ltr'>quod</span> 
     </span>
     <span class='ocr_line' id='line_1_29' title="bbox 73 3201 1723 3327; baseline 0.01 -44"><span class='ocrx_word' id='word_1_336' title='bbox 73 3205 275 3283; x_wconf 89' lang='lat' dir='ltr'>commoda</span> <span class='ocrx_word' id='word_1_337' title='bbox 294 3201 477 3279; x_wconf 87' lang='lat' dir='ltr'>methodo</span> <span class='ocrx_word' id='word_1_338' title='bbox 504 3222 637 3297; x_wconf 87' lang='lat' dir='ltr'>ututur,</span> <span class='ocrx_word' id='word_1_339' title='bbox 660 3205 843 3302; x_wconf 67' lang='lat' dir='ltr'>precipua</span> <span class='ocrx_word' id='word_1_340' title='bbox 863 3226 946 3299; x_wconf 86' lang='lat' dir='ltr'>quae</span> <span class='ocrx_word' id='word_1_341' title='bbox 966 3201 1064 3303; x_wconf 90' lang='lat' dir='ltr'>apud</span> <span class='ocrx_word' id='word_1_342' title='bbox 1091 3203 1178 3280; x_wconf 88' lang='lat' dir='ltr'>alios</span> <span class='ocrx_word' id='word_1_343' title='bbox 1196 3208 1446 3316; x_wconf 83' lang='lat' dir='ltr'>inveniuntur,</span> <span class='ocrx_word' id='word_1_344' title='bbox 1466 3222 1623 3327; x_wconf 82' lang='lat' dir='ltr'>colligat,</span> <span class='ocrx_word' id='word_1_345' title='bbox 1646 3252 1723 3308; x_wconf 84' lang='lat' dir='ltr'>rum</span> 
     </span>
     <span class='ocr_line' id='line_1_30' title="bbox 74 3295 1723 3408; baseline 0.015 -24"><span class='ocrx_word' id='word_1_346' title='bbox 74 3295 266 3385; x_wconf 79' lang='lat' dir='ltr'>observata</span> <span class='ocrx_word' id='word_1_347' title='bbox 281 3305 318 3382; x_wconf 79' lang='lat' dir='ltr'>dt</span> <span class='ocrx_word' id='word_1_348' title='bbox 338 3323 457 3380; x_wconf 88' lang='lat' dir='ltr'>notata</span> <span class='ocrx_word' id='word_1_349' title='bbox 472 3304 546 3400; x_wconf 88' lang='lat' dir='ltr'>alia,</span> <span class='ocrx_word' id='word_1_350' title='bbox 566 3325 648 3398; x_wconf 80' lang='lat' dir='ltr'>quae</span> <span class='ocrx_word' id='word_1_351' title='bbox 671 3300 753 3376; x_wconf 89' lang='lat' dir='ltr'>alibi</span> <span class='ocrx_word' id='word_1_352' title='bbox 771 3325 848 3393; x_wconf 80' lang='lat' dir='ltr'>non</span> <span class='ocrx_word' id='word_1_353' title='bbox 868 3303 1042 3400; x_wconf 88' lang='lat' dir='ltr'>invenias,</span> <span class='ocrx_word' id='word_1_354' title='bbox 1056 3323 1182 3403; x_wconf 86' lang='lat' dir='ltr'>ponat,</span> <span class='ocrx_word' id='word_1_355' title='bbox 1207 3303 1351 3406; x_wconf 87' lang='lat' dir='ltr'>semper</span> <span class='ocrx_word' id='word_1_356' title='bbox 1367 3311 1475 3392; x_wconf 86' lang='lat' dir='ltr'>allatis</span> <span class='ocrx_word' id='word_1_357' title='bbox 1501 3323 1538 3394; x_wconf 91' lang='lat' dir='ltr'>in</span> <span class='ocrx_word' id='word_1_358' title='bbox 1560 3327 1723 3408; x_wconf 86' lang='lat' dir='ltr'>medium</span> 
     </span>
     <span class='ocr_line' id='line_1_31' title="bbox 74 3399 1810 3510; baseline 0.003 -26"><span class='ocrx_word' id='word_1_359' title='bbox 74 3407 264 3509; x_wconf 88' lang='lat' dir='ltr'>exemplis.</span> <span class='ocrx_word' id='word_1_360' title='bbox 316 3405 479 3478; x_wconf 84' lang='lat' dir='ltr'>Fuerunt</span> <span class='ocrx_word' id='word_1_361' title='bbox 491 3404 598 3477; x_wconf 90' lang='lat' dir='ltr'>etiam</span> <span class='ocrx_word' id='word_1_362' title='bbox 616 3399 781 3502; x_wconf 86' lang='lat' dir='ltr'>Hispani,</span> <span class='ocrx_word' id='word_1_363' title='bbox 795 3403 858 3498; x_wconf 91' lang='lat' dir='ltr'>qui</span> <span class='ocrx_word' id='word_1_364' title='bbox 872 3399 965 3475; x_wconf 90' lang='lat' dir='ltr'>hanc</span> <span class='ocrx_word' id='word_1_365' title='bbox 980 3420 1095 3478; x_wconf 90' lang='lat' dir='ltr'>artem</span> <span class='ocrx_word' id='word_1_366' title='bbox 1112 3403 1149 3476; x_wconf 92' lang='lat' dir='ltr'>in</span> <span class='ocrx_word' id='word_1_367' title='bbox 1168 3401 1326 3480; x_wconf 85' lang='lat' dir='ltr'>formam</span> <span class='ocrx_word' id='word_1_368' title='bbox 1343 3433 1462 3510; x_wconf 80' lang='lat' dir='ltr'>praece</span> <span class='ocrx_word' id='word_1_369' title='bbox 1492 3439 1616 3498; x_wconf 92' lang='lat' dir='ltr'>torum</span> <span class='ocrx_word' id='word_1_370' title='bbox 1632 3429 1725 3504; x_wconf 83' lang='lat' dir='ltr'>redi.</span> <span class='ocrx_word' id='word_1_371' title='bbox 1808 3501 1810 3508; x_wconf 18' lang='lat' dir='ltr'><strong><em>J</em></strong></span> 
     </span>
     <span class='ocr_line' id='line_1_32' title="bbox 74 3441 1724 3617; baseline 0.01 -41"><span class='ocrx_word' id='word_1_372' title='bbox 74 3532 166 3584; x_wconf 75' lang='lat' dir='ltr'>nere</span> <span class='ocrx_word' id='word_1_373' title='bbox 184 3505 404 3581; x_wconf 88' lang='lat' dir='ltr'>laborarunt.</span> <span class='ocrx_word' id='word_1_374' title='bbox 455 3503 510 3575; x_wconf 92' lang='lat' dir='ltr'>Ut</span> <span class='ocrx_word' id='word_1_375' title='bbox 523 3504 620 3576; x_wconf 91' lang='lat' dir='ltr'>enim</span> <span class='ocrx_word' id='word_1_376' title='bbox 643 3497 689 3574; x_wconf 89' lang='lat' dir='ltr'>de</span> <span class='ocrx_word' id='word_1_377' title='bbox 713 3502 844 3577; x_wconf 79' lang='lat' dir='ltr'>Tuon.</span> <span class='ocrx_word' id='word_1_378' title='bbox 862 3499 1034 3600; x_wconf 78' lang='lat' dir='ltr'>Cornan,</span> <span class='ocrx_word' id='word_1_379' title='bbox 1050 3501 1103 3590; x_wconf 77' lang='lat' dir='ltr'>de,</span> <span class='ocrx_word' id='word_1_380' title='bbox 1111 3525 1188 3598; x_wconf 89' lang='lat' dir='ltr'>quo</span> <span class='ocrx_word' id='word_1_381' title='bbox 1198 3505 1307 3606; x_wconf 85' lang='lat' dir='ltr'>paulo</span> <span class='ocrx_word' id='word_1_382' title='bbox 1322 3529 1403 3586; x_wconf 89' lang='lat' dir='ltr'>ante</span> <span class='ocrx_word' id='word_1_383' title='bbox 1419 3441 1557 3596; x_wconf 59' lang='lat' dir='ltr'>dieplum</span> <span class='ocrx_word' id='word_1_384' title='bbox 1572 3520 1633 3617; x_wconf 85' lang='lat' dir='ltr'>est,</span> <span class='ocrx_word' id='word_1_385' title='bbox 1644 3550 1724 3606; x_wconf 79' lang='lat' dir='ltr'>ota.</span> 
     </span>
     <span class='ocr_line' id='line_1_33' title="bbox 74 3577 1794 3722; baseline 0.019 -47"><span class='ocrx_word' id='word_1_386' title='bbox 74 3577 179 3684; x_wconf 61' lang='lat' dir='ltr'>{lone</span> <span class='ocrx_word' id='word_1_387' title='bbox 194 3607 232 3678; x_wconf 81' lang='lat' dir='ltr'>de</span> <span class='ocrx_word' id='word_1_388' title='bbox 247 3611 323 3677; x_wconf 79' lang='lat' dir='ltr'>nnn</span> <span class='ocrx_word' id='word_1_389' title='bbox 346 3611 446 3680; x_wconf 78' lang='lat' dir='ltr'>ritate</span> <span class='ocrx_word' id='word_1_390' title='bbox 462 3602 677 3703; x_wconf 72' lang='lat' dir='ltr'>dignitateque</span> <span class='ocrx_word' id='word_1_391' title='bbox 689 3601 818 3699; x_wconf 70' lang='lat' dir='ltr'>Priscus,</span> <span class='ocrx_word' id='word_1_392' title='bbox 832 3602 870 3677; x_wconf 77' lang='lat' dir='ltr'>dt</span> <span class='ocrx_word' id='word_1_393' title='bbox 892 3605 1059 3675; x_wconf 61' lang='lat' dir='ltr'>Poetarum</span> <span class='ocrx_word' id='word_1_394' title='bbox 1085 3604 1273 3698; x_wconf 71' lang='lat' dir='ltr'>dtfflrtntt&#39;a,</span> <span class='ocrx_word' id='word_1_395' title='bbox 1298 3606 1430 3687; x_wconf 81' lang='lat' dir='ltr'>Romae</span> <span class='ocrx_word' id='word_1_396' title='bbox 1458 3618 1496 3692; x_wconf 88' lang='lat' dir='ltr'>itt</span> <span class='ocrx_word' id='word_1_397' title='bbox 1518 3617 1724 3722; x_wconf 84' lang='lat' dir='ltr'>Gymnasto</span> <span class='ocrx_word' id='word_1_398' title='bbox 1790 3623 1794 3631; x_wconf 43' lang='lat'><strong>¹</strong></span> 
     </span>
     <span class='ocr_line' id='line_1_34' title="bbox 71 3631 1722 3806; baseline 0.014 -23"><span class='ocrx_word' id='word_1_399' title='bbox 71 3709 118 3783; x_wconf 91' lang='lat' dir='ltr'>Sa</span> <span class='ocrx_word' id='word_1_400' title='bbox 149 3709 268 3782; x_wconf 79' lang='lat' dir='ltr'>ientioe</span> <span class='ocrx_word' id='word_1_401' title='bbox 285 3631 414 3800; x_wconf 83' lang='lat' dir='ltr'>habita,</span> <span class='ocrx_word' id='word_1_402' title='bbox 430 3700 597 3798; x_wconf 88' lang='lat' dir='ltr'>editaque</span> <span class='ocrx_word' id='word_1_403' title='bbox 611 3725 631 3774; x_wconf 90' lang='lat' dir='ltr'>a</span> <span class='ocrx_word' id='word_1_404' title='bbox 648 3700 795 3776; x_wconf 89' lang='lat' dir='ltr'>Ludov.</span> <span class='ocrx_word' id='word_1_405' title='bbox 811 3700 857 3776; x_wconf 89' lang='lat' dir='ltr'>de</span> <span class='ocrx_word' id='word_1_406' title='bbox 871 3701 906 3778; x_wconf 89' lang='lat' dir='ltr'>S.</span> <span class='ocrx_word' id='word_1_407' title='bbox 920 3701 1205 3799; x_wconf 86' lang='lat' dir='ltr'>Francisco,non</span> <span class='ocrx_word' id='word_1_408' title='bbox 1220 3703 1357 3782; x_wconf 85' lang='lat' dir='ltr'>dicam:</span> <span class='ocrx_word' id='word_1_409' title='bbox 1382 3711 1513 3793; x_wconf 87' lang='lat' dir='ltr'>Artem</span> <span class='ocrx_word' id='word_1_410' title='bbox 1538 3722 1722 3806; x_wconf 77' lang='lat' dir='ltr'>poeticam</span> 
     </span>
     <span class='ocr_line' id='line_1_35' title="bbox 68 3733 1723 3971; baseline 0.013 -87"><span class='ocrx_word' id='word_1_411' title='bbox 68 3733 168 3910; x_wconf 59' lang='lat' dir='ltr'>julho</span> <span class='ocrx_word' id='word_1_412' title='bbox 188 3806 378 3881; x_wconf 86' lang='lat' dir='ltr'>volumine</span> <span class='ocrx_word' id='word_1_413' title='bbox 403 3799 552 3891; x_wconf 79' lang='lat' dir='ltr'>tradidit</span> <span class='ocrx_word' id='word_1_414' title='bbox 574 3799 835 3971; x_wconf 66' lang='lat' dir='ltr'>Polyqraphus</span> <span class='ocrx_word' id='word_1_415' title='bbox 859 3801 917 3875; x_wconf 90' lang='lat' dir='ltr'>ille</span> <span class='ocrx_word' id='word_1_416' title='bbox 939 3827 1170 3900; x_wconf 89' lang='lat' dir='ltr'>nequaquam</span> <span class='ocrx_word' id='word_1_417' title='bbox 1190 3805 1349 3908; x_wconf 87' lang='lat' dir='ltr'>ineptus,</span> <span class='ocrx_word' id='word_1_418' title='bbox 1372 3811 1403 3885; x_wconf 91' lang='lat' dir='ltr'>F</span> <span class='ocrx_word' id='word_1_419' title='bbox 1403 3835 1496 3891; x_wconf 79' lang='lat' dir='ltr'>xxxc</span> <span class='ocrx_word' id='word_1_420' title='bbox 1521 3820 1723 3920; x_wconf 76' lang='lat' dir='ltr'>Macaous5</span> 
     </span>
     <span class='ocr_line' id='line_1_36' title="bbox 71 3895 1724 4029; baseline 0.006 -51"><span class='ocrx_word' id='word_1_421' title='bbox 71 3907 136 3986; x_wconf 88' lang='lat' dir='ltr'>sed</span> <span class='ocrx_word' id='word_1_422' title='bbox 153 3929 263 4004; x_wconf 88' lang='lat' dir='ltr'>quam</span> <span class='ocrx_word' id='word_1_423' title='bbox 277 3904 395 3976; x_wconf 89' lang='lat' dir='ltr'>lucem</span> <span class='ocrx_word' id='word_1_424' title='bbox 403 3923 480 3976; x_wconf 90' lang='lat' dir='ltr'>non</span> <span class='ocrx_word' id='word_1_425' title='bbox 497 3895 622 3974; x_wconf 80' lang='lat' dir='ltr'>vidill&#39;e</span> <span class='ocrx_word' id='word_1_426' title='bbox 634 3905 671 3971; x_wconf 77' lang='lat' dir='ltr'>lu·</span> <span class='ocrx_word' id='word_1_427' title='bbox 689 3905 729 3970; x_wconf 73' lang='lat' dir='ltr'>J.</span> <span class='ocrx_word' id='word_1_428' title='bbox 746 3927 821 4008; x_wconf 75' lang='lat' dir='ltr'>aaa.</span> <span class='ocrx_word' id='word_1_429' title='bbox 837 3907 863 3991; x_wconf 85' lang='lat'>§.</span> <span class='ocrx_word' id='word_1_430' title='bbox 875 3927 924 3992; x_wconf 84' lang='lat'><em>4⁰.-</em></span> <span class='ocrx_word' id='word_1_431' title='bbox 939 3904 1132 4001; x_wconf 71' lang='lat' dir='ltr'>Polynnorn</span> <span class='ocrx_word' id='word_1_432' title='bbox 1148 3909 1306 3992; x_wconf 71' lang='lat' dir='ltr'>literni,</span> <span class='ocrx_word' id='word_1_433' title='bbox 1321 3911 1619 4024; x_wconf 56' lang='lat' dir='ltr'>ubi‘Catalogum</span> <span class='ocrx_word' id='word_1_434' title='bbox 1635 3911 1724 4029; x_wconf 68' lang='lat' dir='ltr'>op&#39;e.</span> 
     </span>
     <span class='ocr_line' id='line_1_37' title="bbox 71 3985 1726 4108; baseline 0.01 -23"><span class='ocrx_word' id='word_1_435' title='bbox 71 4031 161 4085; x_wconf 88' lang='lat' dir='ltr'>tum</span> <span class='ocrx_word' id='word_1_436' title='bbox 178 4000 324 4080; x_wconf 85' lang='lat' dir='ltr'>Macedl</span> <span class='ocrx_word' id='word_1_437' title='bbox 338 3999 570 4097; x_wconf 86' lang='lat' dir='ltr'>exhibemus,</span> <span class='ocrx_word' id='word_1_438' title='bbox 590 4003 775 4076; x_wconf 87' lang='lat' dir='ltr'>monitum</span> <span class='ocrx_word' id='word_1_439' title='bbox 796 3999 854 4074; x_wconf 90' lang='lat' dir='ltr'>est.</span> <span class='ocrx_word' id='word_1_440' title='bbox 905 3985 1106 4103; x_wconf 85' lang='lat' dir='ltr'>Hispanico</span> <span class='ocrx_word' id='word_1_441' title='bbox 1129 4001 1295 4082; x_wconf 88' lang='lat' dir='ltr'>sermone</span> <span class='ocrx_word' id='word_1_442' title='bbox 1314 4010 1353 4082; x_wconf 81' lang='lat' dir='ltr'>dc</span> <span class='ocrx_word' id='word_1_443' title='bbox 1366 4032 1438 4084; x_wconf 79' lang='lat' dir='ltr'>arte</span> <span class='ocrx_word' id='word_1_444' title='bbox 1451 4019 1577 4093; x_wconf 73' lang='lat' dir='ltr'>roenna</span> <span class='ocrx_word' id='word_1_445' title='bbox 1590 4017 1726 4108; x_wconf 80' lang='lat' dir='ltr'>lib&#39;runt</span> 
     </span>
     <span class='ocr_line' id='line_1_38' title="bbox 70 4098 1724 4212; baseline 0.004 -27"><span class='ocrx_word' id='word_1_446' title='bbox 70 4101 215 4206; x_wconf 86' lang='lat' dir='ltr'>scripstt</span> <span class='ocrx_word' id='word_1_447' title='bbox 239 4102 417 4178; x_wconf 66' lang='lat' dir='ltr'>aaaron</span> <span class='ocrx_word' id='word_1_448' title='bbox 439 4098 469 4172; x_wconf 92' lang='lat' dir='ltr'>F</span> <span class='ocrx_word' id='word_1_449' title='bbox 470 4120 549 4172; x_wconf 78' lang='lat' dir='ltr'>axia</span> <span class='ocrx_word' id='word_1_450' title='bbox 575 4099 615 4170; x_wconf 82' lang='lat' dir='ltr'>de</span> <span class='ocrx_word' id='word_1_451' title='bbox 638 4099 766 4197; x_wconf 80' lang='lat' dir='ltr'>Sousa,</span> <span class='ocrx_word' id='word_1_452' title='bbox 792 4100 892 4200; x_wconf 86' lang='lat' dir='ltr'>cujus</span> <span class='ocrx_word' id='word_1_453' title='bbox 906 4101 991 4180; x_wconf 85' lang='lat' dir='ltr'>Nic.</span> <span class='ocrx_word' id='word_1_454' title='bbox 1006 4099 1193 4194; x_wconf 80' lang='lat' dir='ltr'>Antonius</span> <span class='ocrx_word' id='word_1_455' title='bbox 1209 4109 1396 4186; x_wconf 89' lang='lat' dir='ltr'>meminit:</span> <span class='ocrx_word' id='word_1_456' title='bbox 1424 4119 1488 4212; x_wconf 93' lang='lat' dir='ltr'>qui</span> <span class='ocrx_word' id='word_1_457' title='bbox 1514 4119 1552 4198; x_wconf 75' lang='lat' dir='ltr'>dt</span> <span class='ocrx_word' id='word_1_458' title='bbox 1576 4123 1724 4206; x_wconf 77' lang='lat' dir='ltr'>Lunov,</span> 
     </span>
     <span class='ocr_line' id='line_1_39' title="bbox 71 4196 1725 4328; baseline 0.015 -46"><span class='ocrx_word' id='word_1_459' title='bbox 71 4209 308 4282; x_wconf 78' lang='lat' dir='ltr'>Anaaousuu</span> <span class='ocrx_word' id='word_1_460' title='bbox 332 4201 370 4272; x_wconf 78' lang='lat' dir='ltr'>de</span> <span class='ocrx_word' id='word_1_461' title='bbox 394 4197 587 4274; x_wconf 79' lang='lat' dir='ltr'>anvxuuo</span> <span class='ocrx_word' id='word_1_462' title='bbox 613 4196 723 4275; x_wconf 87' lang='lat' dir='ltr'>refert</span> <span class='ocrx_word' id='word_1_463' title='bbox 732 4198 1030 4277; x_wconf 84' lang='lat' dir='ltr'>librumedidiffe</span> <span class='ocrx_word' id='word_1_464' title='bbox 1041 4201 1088 4277; x_wconf 90' lang='lat' dir='ltr'>de</span> <span class='ocrx_word' id='word_1_465' title='bbox 1105 4203 1280 4306; x_wconf 82' lang='lat' dir='ltr'>dignitate</span> <span class='ocrx_word' id='word_1_466' title='bbox 1294 4207 1333 4284; x_wconf 78' lang='lat' dir='ltr'>dt</span> <span class='ocrx_word' id='word_1_467' title='bbox 1348 4213 1725 4328; x_wconf 75' lang='lat' dir='ltr'>pmltantiapoeseos,</span> 
     </span>
     <span class='ocr_line' id='line_1_40' title="bbox 71 4293 1726 4413; baseline 0.005 -35"><span class='ocrx_word' id='word_1_468' title='bbox 71 4307 255 4400; x_wconf 91' lang='lat' dir='ltr'>omnique</span> <span class='ocrx_word' id='word_1_469' title='bbox 271 4321 329 4397; x_wconf 84' lang='lat' dir='ltr'>eo,</span> <span class='ocrx_word' id='word_1_470' title='bbox 342 4293 444 4396; x_wconf 82' lang='lat' dir='ltr'>quod</span> <span class='ocrx_word' id='word_1_471' title='bbox 459 4298 503 4374; x_wconf 88' lang='lat' dir='ltr'>ad</span> <span class='ocrx_word' id='word_1_472' title='bbox 518 4321 635 4374; x_wconf 87' lang='lat' dir='ltr'>artem</span> <span class='ocrx_word' id='word_1_473' title='bbox 647 4298 933 4402; x_wconf 77' lang='lat' dir='ltr'>illampertinet:</span> <span class='ocrx_word' id='word_1_474' title='bbox 955 4301 1079 4376; x_wconf 90' lang='lat' dir='ltr'>titulus</span> <span class='ocrx_word' id='word_1_475' title='bbox 1094 4301 1163 4377; x_wconf 87' lang='lat' dir='ltr'>est:</span> <span class='ocrx_word' id='word_1_476' title='bbox 1190 4305 1273 4404; x_wconf 71' lang='lat' dir='ltr'>Cesar</span> <span class='ocrx_word' id='word_1_477' title='bbox 1284 4308 1322 4378; x_wconf 84' lang='lat' dir='ltr'>de</span> <span class='ocrx_word' id='word_1_478' title='bbox 1336 4314 1449 4413; x_wconf 83' lang='lat' dir='ltr'>Apollo,</span> <span class='ocrx_word' id='word_1_479' title='bbox 1475 4319 1568 4394; x_wconf 66' lang='lat' dir='ltr'>delas</span> <span class='ocrx_word' id='word_1_480' title='bbox 1582 4327 1726 4402; x_wconf 52' lang='lat' dir='ltr'>exn-ellan.</span> 
     </span>
     <span class='ocr_line' id='line_1_41' title="bbox 71 4391 1742 4572; baseline -0.009 -103"><span class='ocrx_word' id='word_1_481' title='bbox 71 4416 139 4481; x_wconf 75' lang='lat' dir='ltr'>tias</span> <span class='ocrx_word' id='word_1_482' title='bbox 141 4431 172 4504; x_wconf 89' lang='lat' dir='ltr'><em>y</em></span> <span class='ocrx_word' id='word_1_483' title='bbox 187 4399 346 4501; x_wconf 60' lang='lat' dir='ltr'>dignidacd</span> <span class='ocrx_word' id='word_1_484' title='bbox 345 4423 379 4572; x_wconf 59' lang='lat' dir='ltr'>qr</span> <span class='ocrx_word' id='word_1_485' title='bbox 397 4399 512 4480; x_wconf 78' lang='lat' dir='ltr'>tudela</span> <span class='ocrx_word' id='word_1_486' title='bbox 539 4425 599 4500; x_wconf 84' lang='lat' dir='ltr'>qne</span> <span class='ocrx_word' id='word_1_487' title='bbox 622 4401 737 4473; x_wconf 82' lang='lat' dir='ltr'>alrrtr</span> <span class='ocrx_word' id='word_1_488' title='bbox 759 4405 883 4496; x_wconf 62' lang='lat' dir='ltr'>Portica</span> <span class='ocrx_word' id='word_1_489' title='bbox 896 4427 926 4498; x_wconf 89' lang='lat' dir='ltr'><em>y</em></span> <span class='ocrx_word' id='word_1_490' title='bbox 948 4391 1167 4498; x_wconf 69' lang='lat' dir='ltr'>urrffiutoria</span> <span class='ocrx_word' id='word_1_491' title='bbox 1183 4415 1510 4516; x_wconf 54' lang='lat' dir='ltr'>perennabuntur</span> <span class='ocrx_word' id='word_1_492' title='bbox 1527 4429 1679 4512; x_wconf 78' lang='lat' dir='ltr'>1602.in</span> <span class='ocrx_word' id='word_1_493' title='bbox 1693 4434 1742 4512; x_wconf 84' lang='lat'>8.&#39;&#39;</span> 
     </span>
    </p>

    <p class='ocr_par' dir='ltr' id='par_1_6' title="bbox 177 4499 1727 4610">
     <span class='ocr_line' id='line_1_42' title="bbox 177 4499 1727 4610; baseline 0.019 -30"><span class='ocrx_word' id='word_1_494' title='bbox 177 4504 372 4584; x_wconf 71' lang='lat' dir='ltr'>Tamus.</span> <span class='ocrx_word' id='word_1_495' title='bbox 494 4529 505 4536; x_wconf 92' lang='lat'><em>·</em></span> <span class='ocrx_word' id='word_1_496' title='bbox 966 4499 1106 4578; x_wconf 81' lang='lat' dir='ltr'>mmm</span> <span class='ocrx_word' id='word_1_497' title='bbox 1132 4527 1263 4582; x_wconf 83' lang='lat' dir='ltr'>mmm</span> <span class='ocrx_word' id='word_1_498' title='bbox 1546 4545 1555 4564; x_wconf 94' lang='lat'><strong>·</strong></span> <span class='ocrx_word' id='word_1_499' title='bbox 1671 4529 1727 4610; x_wconf 82' lang='lat' dir='ltr'>Ut</span> 
     </span>
    </p>
   </div>
   <div class='ocr_carea' id='block_1_4' title="bbox 1914 2502 1930 2538">
    <p class='ocr_par' dir='ltr' id='par_1_7' title="bbox 1914 2502 1930 2538">
     <span class='ocr_line' id='line_1_43' title="bbox 1914 2502 1930 2538; baseline 0 0"><span class='ocrx_word' id='word_1_500' title='bbox 1914 2502 1930 2538; x_wconf 56' lang='grc' dir='ltr'>ἱ</span> 
     </span>
    </p>
   </div>
   <div class='ocr_carea' id='block_1_5' title="bbox 0 0 1970 5212">
    <p class='ocr_par' dir='ltr' id='par_1_8' title="bbox 0 0 1970 5212">
     <span class='ocr_line' id='line_1_44' title="bbox 0 0 1970 5212; baseline 0 2"><span class='ocrx_word' id='word_1_501' title='bbox 0 0 1970 5212; x_wconf 95' lang='lat' dir='ltr'> </span> 
     </span>
    </p>
   </div>
  </div>
 </body>
</html>
