3908 5230
201 257 310 394 ‘¹⁸83ss
806 261 974 377 polyhist.
994 269 1146 350 literar.
1172 265 1250 352 Lib.
1267 270 1333 350 IV.

245 446 403 552 infignes
418 469 532 544 curas,
547 440 770 520 Ausloribus
784 465 803 518 a
817 439 852 516 se
879 439 1054 542 castigatis
1076 436 1253 537 editisque
1282 437 1470 540 impensas,
1491 435 1589 528 haud
1612 435 1793 512 immerito
1807 432 1875 537 'pal-

249 573 348 626 mam
363 537 618 624 vctu'stioribus
632 539 816 618 nonnullis
832 539 1051 622 editionibus
1068 537 1280 638 praeferant:
1292 561 1295 568 ·
1306 540 1354 613 ita
1370 539 1494 652 negari
1520 557 1640 612 tamen
1662 531 1810 612 vicissim
1829 557 1877 608 ne·

249 671 429 746 quaquam
442 640 573 746 pote'st,
586 638 742 716 multum
756 637 816 714 hic
831 637 965 714 subesse
982 636 1205 737 discriminis,
1223 637 1261 713 dt
1282 635 1457 735 quicquid
1473 659 1520 712 ex
1535 635 1801 730 Manutiorum,
1817 633 1878 708 Ste-

251 747 474 850 phanorum,
489 742 693 837 Juntamm,
710 737 887 838 Gryphii,
909 737 1077 833 Plantini,
1094 736 1267 812 Frobenli
1294 739 1332 811 dt
1360 735 1531 812 similibus
1556 731 1722 830 officinis,
1747 732 1879 848 prodiit,

192 873 195 878 ¹
249 842 342 920 adeo
357 842 451 944 saepe
465 837 822 916 nihilrecentioribus
832 835 1046 931 concedere,
1059 856 1100 911 ut
1123 837 1247 936 potius
1264 796 1394 912 irarum
1411 835 1520 910 etiam
1545 831 1643 908 haud
1663 855 1785 931 paucis
1805 857 1880 932 pta·

234 942 355 1040 slent,
397 943 564 1038 retioque
577 937 700 1014 Mssis
709 935 894 1012 codicibus
907 935 941 1033 (e
958 934 1090 1031 quibus
1110 931 1522 1035 operadosiilstmorum
1537 936 1706 1007 virorum
1720 955 1764 1006 ea
1778 934 1882 1006 omnia

253 967 536 1116 emendatissima
566 1035 754 1139 prodiere)
781 1057 862 1110 non
885 1035 1042 1110 multum
1077 1033 1270 1110 inferiores
1299 1059 1319 1108 a
1343 1035 1443 1108 Viris
1464 1031 1610 1108 Criticis
1641 1029 1882 1120 existimentur.

253 1141 344 1216 Sane
361 1163 406 1214 ne
428 1135 678 1238 comparandae
695 1131 846 1232 quidem
861 1133 927 1208 illis
947 1131 1028 1208 stant
1047 1135 1181 1232 ineptae
1202 1133 1404 1208 Variorum
1426 1131 1617 1228 editioneS,
1639 1153 1752 1227 quam
1781 1155 1826 1204 nu
1867 1153 1881 1204 t

286 1236 394 1314 ellam
419 1237 526 1313 bonis
548 1231 772 1310 Ausioribus
801 1229 1022 1333 Bibliopolac
1049 1233 1174 1308 Batavi
1196 1229 1369 1308 inducere
1395 1249 1598 1330 caeperunt,
1624 1229 1829 1307 reclamanti
1851 1251 1884 1306 us

254 1263 383 1414 Frustra
402 1337 502 1411 Viris
526 1331 662 1411 dusiis:
697 1356 765 1408 nec
791 1329 992 1407 defuerunt
1010 1353 1181 1428 emtores,
1202 1328 1349 1407 stultitia
1371 1329 1521 1428 quidem
1541 1327 1760 1430 Bibliopolis
1831 1351 1886 1425 res,

256 1440 319 1535 qui
334 1435 368 1512 sc
383 1435 430 1510 lic
447 1433 633 1510 sumtuum
647 1454 754 1532 atque
771 1453 895 1531 operte
913 1429 1175 1530 compendium
1191 1427 1307 1504 facete
1324 1425 1425 1530 polle
1448 1425 1705 1504 existimabant.
1818 1430 1829 1500 i
1845 1429 1887 1500 in·

257 1558 363 1632 terea,
378 1536 468 1609 lucri
481 1531 556 1634 spe,
570 1557 646 1606 non
660 1529 833 1606 cessabant
847 1529 884 1602 in
903 1529 1090 1630 bonorum
1099 1524 1746 1624 Commentatorumlsacvireuiscera,
1766 1525 1889 1624 &quo-

256 1631 520 1732 modocunque
544 1631 683 1706 lacinias
708 1629 842 1726 aliquas
870 1627 1059 1706 consuete:
1086 1651 1238 1728 operam
1262 1627 1425 1716 venalem
1448 1624 1771 1700 commodantibus
1786 1625 1890 1726 paeda·
1939 1681 1940 1720 ,

258 1737 369 1836 gagis
382 1729 500 1806 nescio
516 1729 658 1828 quibua,
675 1729 790 1830 quiin
806 1726 1014 1804 studiorum
1031 1725 1170 1828 scriptis
1188 1726 1302 1802 nihilo
1318 1727 1398 1826 plus
1414 1723 1607 1825 sapiebant,
1628 1749 1739 1820 quam
1761 1723 1817 1799 sus
1840 1749 1890 1800 oc·

258 1832 332 1905 cisa.
405 1833 528 1904 Vatiae
552 1827 632 1902 sunt
653 1824 1090 1904 variorumCriticorum
1116 1823 1162 1900 de
1184 1825 1240 1901 his
1264 1821 1484 1900 editionibus
1509 1823 1666 1920 querelae
1692 1821 1731 1899 dt
1756 1825 1892 1926 regula,

260 1929 461 2026 Gronouli,
477 1927 630 2020 Graevii,
645 1921 804 2002 Heinsri:
829 1925 990 2000 Meritus
1008 1923 1254 2022 CastubonuS,
1269 1925 1307 2004 in
1320 1923 1492 2024 peculiari
1511 1920 1755 1998 dissertatione
1774 1922 1819 1998 de
1831 1921 1893 1996 edi·

260 2029 364 2102 tione
387 2025 817 2126 HomericaBelgarum,
849 2023 1189 2100 vehementer'illos
1215 2022 1486 2125 typographos¹
1516 2023 1682 2124 exagitat.
1707 2023 1794 2119 (ll)
1819 2020 1893 2096 Vid

261 2122 503 2201 Borremausri
520 2123 599 2196 less.
626 2128 701 2194 Var.
720 2151 746 2194 c.
764 2149 791 2206 7.
818 2122 856 2197 dt
875 2122 1028 2196 Sarrnvii
1055 2123 1197 2221 Epistulas
1211 2144 1243 2222 p.
1257 2147 1318 2214 517.
1345 2123 1407 2196 ubi
1433 2119 1543 2196 solam
1564 2143 1745 2221 typorum
1769 2121 1893 2224 elegen·

261 2228 347 2300 tiam
363 2221 619 2298 commendare
635 2219 755 2296 scribit
772 2218 993 2294 doslilstmus
1008 2221 1170 2318 Senator,
1187 2220 1371 2316 Curtium,
1384 2219 1612 2315 Suetonium,
1629 2221 1797 2318 Florum,
1812 2245 1893 2317 quos

261 2325 310 2400 itu
330 2345 412 2398 curn
427 2323 614 2398 variorum
628 2321 724 2393 notis
739 2319 861 2418 Belgae
878 2315 1084 2412 ediderant3
1109 2342 1187 2394 non
1200 2343 1292 2404 vero
1308 2317 1472 2393 laborem
1489 2317 1693 2394 editorum:
1717 2341 1831 2416 atque
1843 2344 1894 2396 eos

263 2419 421 2527 proinde
437 2443 521 2494 cunr
536 2417 726 2493 Gronovii
740 2415 924 2492 altioribus
949 2417 987 2492 in
1000 2417 1172 2492 Senecam
1193 2420 1288 2492 curis
1306 2440 1351 2492 ne
1374 2417 1523 2514 quidem
1537 2417 1808 2518 comparandos
1828 2421 1894 2518 jure

263 2521 397 2596 merito
414 2517 542 2594 censet.
593 2516 697 2592 Olim
712 2513 890 2590 editiones
905 2517 1093 2590 variorum
1139 2515 1340 2615 arabantur,
1361 2540 1447 2598 cum
1469 2515 1620 2610 junstim
1640 2542 1718 2594 uno
1747 2543 1895 2620 corpote

265 2618 525 2692 exhiberentur
538 2615 672 2716 integri
687 2613 869 2710 Virorum
885 2611 1082 2700 doliorum
1122 2619 1373 2715 'ommentarii,
1388 2641 1466 2690 non
1482 2616 1646 2714 mutilati,
1666 2641 1708 2692 ut
1732 2619 1893 2694 habemus
1938 2667 1939 2682 ἢ

260 2719 420 2812 Livium,
434 2713 624 2813 caesarem,
638 2713 864 2808 Suetonium,
879 2713 1040 2810 aliosque
1058 2712 1124 2789 hac
1139 2712 1259 2789 forma
1285 2713 1425 2790 editos:
1448 2713 1607 2790 istisunt
1628 2739 1649 2788 e
1670 2715 1894 2794 Commenta·

198 2889 202 2896 ,
264 2819 325 2896 tiis
341 2817 494 2917 optimi:
520 2835 727 2913 quanquam
746 2814 1041 2892 erecentioribus
1057 2815 1171 2890 etiam
1187 2805 1692 2898 Commentarios-variorum
1711 2817 1894 2895 habeamus

608 2963 609 2968 Ν
1832 2939 1893 2994 non

307 3107 370 3186 (kk)
386 3112 423 3172 In
437 3106 652 3189 Typographos
675 3107 812 3184 Batavos,
831 3127 989 3188 eorumque
1010 3108 1211 3186 Administtos,
1223 3111 1388 3191 Eclogsrios
1407 3107 1439 3172 dt
1453 3109 1621 3178 literatores
1637 3111 1826 3186 Sernidosios,
1848 3107 1893 3186 qui.

433 3193 541 3270 Scripta
557 3196 694 3253 Veterum
710 3213 775 3254 cum
789 3195 879 3254 Notis
892 3193 1047 3254 variorum
1061 3194 1202 3274 publicare
1216 3195 1341 3278 aggressa,
1363 3216 1378 3254 e
1399 3197 1537 3256 Virorum
1552 3195 1711 3274 Superioris
1731 3197 1786 3258 ari
1814 3197 1842 3256 in
1855 3192 1894 3252 int

433 3288 676 3350 Annotationibus
692 3287 968 3366 &Commentariis
985 3289 1118 3371 improbo
1133 3287 1198 3350 ausu
1215 3287 1313 3349 misere
1328 3291 1470 3368 mutilatis,
1488 3293 1612 3374 aliisque,
1624 3294 1729 3374 quibus
1742 3267 1894 3380 ochddsl

433 3371 566 3433 illustrata
583 3372 679 3432 cadem
705 3389 791 3451 crant,
817 3377 1015 3436 Monutnentis
1034 3373 1143 3452 (omilla
1163 3375 1332 3454 plerumque
1352 3375 1505 3436 Librorum
1525 3375 1557 3437 δί
1579 3377 1715 3458 Cupitum
1734 3381 1892 3446 Mantiane)
1938 3420 1939 3462 ,

434 3455 502 3518 solas
517 3457 614 3519 Varias
626 3457 779 3533 Lcilioucs,
799 3457 958 3538 firttilesque
975 3460 1113 3520 Minutiaa
1132 3461 1338 3534 Grammaticus,
1364 3461 1498 3541 neglctlis
1512 3459 1773 3524 'Obseru'ationibus
1799 3461 1892 3539 majori
1938 3463 1939 3524 l

435 3543 578 3602 tnomcnti
598 3543 726 3623 egregiis,
735 3523 935 3626 iudicibusque
950 3543 1108 3620 unliffirnis,
1136 3545 1239 3624 absque
1259 3543 1373 3624 Judicio
1398 3542 1600 3624 excerpserunt,
1625 3546 1657 3608 dt
1675 3549 1840 3609 Lesloribus
1855 3545 1891 3602 ob

434 3623 583 3718 cluserunt,
598 3641 696 3708 prater
709 3627 898 3706 Mothofiuna,
915 3629 955 3705 dt,
974 3648 1046 3713 quos
1060 3631 1107 3692 ille
1125 3629 1255 3704 laudavit,
1270 3630 1459 3706 Gronovium,
1479 3631 1631 3707 Graiium,
1651 3633 1721 3696 Nic
1748 3630 1891 3702 Heinsiuur,

431 3711 575 3770 Melicum
595 3707 802 3790 casaubonum,
815 3715 982 3789 Sar-tarium,
996 3713 1232 3792 Borrcmanstum,
1245 3715 1291 3772 alii
1303 3713 1388 3774 etiam
1406 3716 1469 3774 Viri
1482 3715 1672 3785 Eruditiffimi
1687 3715 1760 3778 serio
1787 3717 1844 3780 suut
1856 3715 1889 3772 in·

429 3795 509 3854 veui.
564 3797 599 3854 V.
614 3793 680 3876 Jolt.
701 3794 829 3858 Galloesti
848 3797 994 3880 (Exiet-pta
1018 3801 1087 3859 tasin
1104 3805 1133 3860 iu
1147 3801 1189 3860 Pr
1216 3799 1335 3860 'udicittm
1357 3806 1444 3884 trangit·
1460 3799 1625 3878 baernum,
1668 3823 1731 3864 uotn
1754 3805 1889 3873 militetur,

400 3901 403 3909 ·
430 3879 525 3955 tedere,
541 3879 703 3964 judicantis)
718 3881 820 3962 Ephetn.
840 3883 892 3944 IV.
908 3885 992 3960 Erud.
1008 3883 1078 3946 Gal.
1093 3889 1150 3946 Art
1169 3823 1257 3964 1d67.
1280 3883 1328 3959 (ad
1336 3883 1365 3942 d·
1380 3907 1405 3958 7.
1422 3882 1509 3964 Fuso)
1522 3908 1548 3964 p.
1564 3823 1715 3968 619320.
1742 3890 1815 3954 Erit.
1839 3887 1888 3940 θ’·

419 3963 606 4042 Masillam,
621 3963 700 4044 Cefp.
715 3967 856 4048 Sagittarii
868 3969 1119 4030 Cotnmetttationem
1134 3969 1164 4029 de
1185 3969 1251 4030 Vita
1265 3963 1298 4030 δῖ’
1319 3969 1429 4048 Scriptis
1450 3969 1550 4044 Plauti,
1576 3971 1697 4030 Ternttit'
1716 3991 1748 4031 ac
1767 3969 1888 4040 Cina-tuit,

352 4069 354 4074 ¹
426 4066 487 4131 pag.
508 4059 548 4121 67.
568 4059 608 4113 σε.
625 4061 665 4120 ⁶9·
679 4049 748 4110 ndr.
763 4053 861 4110 Brileti
882 4053 992 4114 Tanaum
1008 4055 1065 4118 tlt
1089 4055 1265 4135 Judiciorum
1280 4053 1319 4110 'de
1340 4054 1463 4112 Emditis
1474 4051 1643 4112 ‘Gallicorum
1660 4073 1688 4137 p.
1706 4069 1762 4130 §aa
1787 4053 1818 4118 δ’
1826 4053 1888 4132 seqq·

430 4133 497 4214 Job.
514 4132 617 4192 Clerici
629 4134 725 4194 Artem
744 4129 934 4212 Criticam,*s''.
953 4139 1009 4200 Le.
1025 4159 1047 4196 a.
1058 4157 1087 4219 p.
1104 4149 1145 4213 67.
1171 4151 1211 4203 es·
1234 4133 1268 4198 b'
1285 4135 1395 4200 Tutum
1419 4137 1440 4196 1.
1459 4137 1716 4215 ,Parrbnsttttortum
1725 4137 1782 4218 seb
1809 4131 1888 4198 'slepi

431 4215 570 4293 Parrhaffi
587 4218 670 4292 Iamo,
690 4219 794 4298 Gallici,
819 4221 1004 4300 Atnstesodami
1022 4224 1075 4283 Au
1101 4233 1169 4294 1699.
1193 4221 1333 4298 editorum,
1349 4239 1378 4302 p.
1396 4241 1505 4302 aro-na
1527 4225 1616 4284 Henr.
1634 4225 1738 4285 Chtilb
1764 4217 1888 4284 Henninii

430 4301 518 4379 Praef.
529 4303 736 4386 Juvertalirstti,
750 4303 790 4380 ἃ,
806 4309 856 4384 qui
870 4307 947 4368 hunc
962 4309 1070 4390 allegat,
1084 4305 1150 4386 Jolt
1167 4305 1234 4370 Alb.
1249 4305 1366 4367 Fabricii
1382 4303 1508 4366 Buram.
1531 4308 1622 4370 sorita
1637 4329 1665 4388 p.
1685 4309 1735 4386 86
1756 4309 1811 4368 Pet
1831 4307 1886 4362 iltr-
1937 4301 1938 4378 l

427 4385 526 4447 manni
546 4385 661 4464 Praefat.
677 4385 809 4472 remissicae
814 4391 873 4469 sttae
887 4390 1047 4452 Fabulae-um
1068 4391 1176 4450 Phaedri
1198 4391 1338 4468 siliciouis,
1360 4411 1482 4471 cumque
1500 4391 1639 4457 laudantis
1659 4397 1781 4460 Thema
1802 4385 1886 4453 Crtssfi

428 4469 540 4536 Partem
557 4472 591 4538 V·
604 4471 863 4555 ldlimadverfi'otntm
883 4478 979 4545 Philas.
994 4475 1027 4542 δ’
1047 4475 1148 4556 Hylen
1162 4495 1181 4536 t.
1198 4495 1215 4534 t.
1225 4494 1252 4560 p.
1266 4495 1299 4536 aa.
1320 4495 1357 4536 aa.
