4006 5236
234 228 316 352 '216
778 271 780 278 “
888 245 1350 360 Polylrst.Lirer.lib.1.

243 439 415 514 ¹virorum
445 427 640 510 celebrium
668 424 832 502 conditio
860 421 959 500 idem
984 447 1061 498 non
1085 443 1283 522 mereatur,
1318 421 1358 500 δι
1386 445 1469 522 quae
1499 421 1557 498 ille
1587 421 1902 523 pretermittenda

245 536 394 638 judicat,
419 532 527 606 etiam
549 531 643 604 inter
666 523 912 602 memorabilia
936 520 1065 601 referri
1086 547 1164 598 non
1187 521 1351 601 debeant.
1430 519 1540 601 Cum.
1555 523 1672 622 enim,
1704 524 1768 620 qui
1792 547 1902 626 pane·

253 637 406 739 gyricos
428 632 595 706 virorum
619 623 806 700 illustrium
830 621 1008 721 scribunt,
1032 622 1093 698 vel
1119 645 1165 698 ex
1188 622 1273 700 artis
1290 620 1504 723 praescripto
1531 646 1610 700 non
1636 687 1637 690 n
1662 643 1802 698 arentes
1827 625 1902 700 tanss

251 758 334 812 tum
359 733 410 810 dt.
421 730 665 822 nativitatem,
689 721 749 798 sed
775 723 813 798 dt
840 722 1013 821 majores,
1038 746 1081 796 ac
1102 743 1214 798 omne
1234 719 1285 822 id,
1306 717 1333 795 fi
1357 720 1593 798 memorabile
1617 647 1685 820 ed,
1718 721 1822 818 quod
1849 725 1903 798 vi·

254 857 330 912 tam
353 826 533 909 antecessit
569 825 735 900 oratione
759 819 952 922 complelii
978 820 1152 916 debean13
1177 845 1301 898 annon
1323 823 1489 922 ineptum
1512 816 1574 917 est,
1597 843 1673 916 eos,
1725 823 1764 898 ui
1787 823 1903 898 vitam

254 933 401 1033 aliurjus
424 883 628 1029 singulatim
641 919 835 1024 vrecensent
878 927 1038 1018 quorum
1061 919 1174 996 lonae
1199 919 1347 997 uberior
1371 917 1546 996 rraliandi
1569 919 1663 995 ratio
1689 943 1708 994 e
1736 919 1903 1022 edebet,

182 1061 184 1066 ¹
257 1029 445 1138 praeterire
468 1022 542 1124 ipsa
562 1024 652 1098 vitae
676 979 854 1122 suspicias
904 1029 922 1065 '⁶
938 1017 1041 1094 Idem
1063 985 1191 1118 Epasson
1213 1043 1266 1120 44
1289 1017 1451 1118 ejusdem
1477 1016 1561 1092 libri
1584 1015 1736 1130 eandem
1762 1021 1905 1097 cantile-

189 1080 222 1216 ,4
258 1155 344 1212 nam
369 1128 480 1203 canit:
530 1127 565 1196 Si
588 1130 631 1209 is,
655 1122 793 1218 iuquit,
903 1144 942 1190 no
957 1115 1121 1217 scribunt,
1146 1125 1424 1218 peregrinationum
1445 1121 1583 1218 aliqum
1597 1115 1789 1220 ficsceperir:
1813 1145 1904 1194 nnnc

256 1232 336 1307 illud
357 1239 404 1300 ita
422 1226 470 1323 fin
492 1226 601 1296 nlntim
625 1219 822 1328 describunt,
854 1143 902 1292 ἐξ
923 1243 1000 1319 quor
1031 1241 1154 1317 qnoque
1184 1219 1250 1289 loco
1280 1226 1475 1302 commerir,
1504 1241 1643 1319 quosque
1674 1245 1745 1294 cum
1779 1245 1906 1322 quoqne

158 1313 169 1357 ¹
249 1333 408 1434 santones
432 1251 594 1404 balmis,
616 1345 689 1390 cnm
704 1317 832 1414 fastidio
851 1321 1018 1416 legencium
1038 1335 1297 1402 commeruerant:
1329 1342 1400 1387 cunr
1420 1325 1576 1418 precipua
1601 1336 1746 1406 rastrum,
1779 1345 1850 1420 qua,
1871 1329 1906 1393 in

257 1439 328 1502 vira
349 1432 564 1524 contigerunt,
586 1419 710 1513 referre
725 1415 876 1515 sufficiat,
898 1411 942 1490 δ’
966 1419 1072 1515 quales
1097 1414 1228 1486 horninur
1241 1417 1372 1516 sinerint
1393 1441 1513 1502 morer,
1537 1417 1642 1516 qualia
1656 1411 1789 1518 scr-ipra.
1847 1425 1908 1492 Cui

255 1536 335 1601 uitio
358 1531 454 1598 caina
479 1519 623 1594 obnoxios
645 1515 698 1616 effe
722 1517 770 1592 ait
783 1519 964 1616 plerosque«,
987 1521 1043 1614 qni
1063 1519 1147 1584 vitas
1168 1517 1296 1586 Ducum
1317 1511 1408 1586 rebus
1425 1515 1517 1614 gellis
1542 1515 1702 1610 dustrem
1722 1517 1810 1616 bodie
1821 1518 1909 1617 'scra'-

257 1625 345 1700 bunt.
419 1618 549 1696 Imille
573 1615 637 1691 suo
663 1615 768 1691 exin
799 1615 882 1689 enio
904 1610 1060 1714 judicat,
1073 1607 1138 1709 qui
1161 1609 1342 1708 Atticismi
1365 1614 1473 1688 etiam
1494 1615 1535 1694 in
1563 1611 1725 1692 diliione
1755 1613 1907 1696 ,affeesn

258 1749 320 1804 tor
335 1777 339 1786 ,
357 1725 397 1798 in
425 1717 533 1794 rebus
557 1738 708 1814 quoque
729 1639 814 1816 ipsis
839 1711 1057 1787 sterilitatem
1080 1733 1200 1786 amare
1224 1709 1381 1787 videtur.
1428 1709 1500 1812 Sed
1523 1736 1610 1816 ego,
1633 1735 1771 1790 rantum
1794 1715 1908 1820 abest,

185 1847 188 1862 ·
243 1819 300 1900 'ut
322 1785 407 1897 ²curu
432 1819 495 1894 illo
517 1812 784 1915 reprehendam
796 1811 866 1888 hos
891 1813 1059 1891 Virorum
1078 1809 1295 1912 Scriptores,
1315 1831 1359 1885 ut
1382 1807 1486 1888 laude
1509 1811 1636 1927 potius
1658 1811 1792 1918 dignos
1813 1815 1908 1896 aesti·

261 1945 384 2016 mem,
421 1916 486 2014 qui
511 1937 589 1988 eam
621 1915 795 2014 negotio,
827 1910 930 2008 quod
962 1905 1135 2006 mallant,
1164 1907 1332 2011 praestare
1357 1905 1581 2057 diligentiam
1611 1914 1761 2014 volunt,
1792 1939 1910 2016 quam

170 2051 171 2056 Ν
262 2017 416 2115 quilibet
433 2012 545 2114 paulo
565 2009 784 2125 prudentior
806 2007 850 2084 ab
873 2009 939 2084 iliis
964 2010 1131 2105 requirat.
1199 2009 1304 2112 Qud
1327 2011 1461 2087 enim·
1486 2035 1531 2087 an
1556 2013 1649 2088 vitio
1675 2037 1815 2094 vertam
1844 2017 1910 2110 iili,

288 2117 327 2190 ui
350 2115 422 2190 viri
446 2108 579 2186 eruditi
603 2107 714 2182 vitam
739 2103 916 2204 describit,
939 2103 966 2180 fi
991 2129 1079 2206 pere
1129 2109 1136 2123 '
1165 2109 1304 2186 triones
1328 2107 1466 2207 ejus&
1491 2135 1577 2186 cunr
1600 2115 1689 2190 viris
1713 2111 1833 2194 doliis
1852 2119 1910 2196 in·

259 2143 380 2292 diruta
411 2209 599 2305 colloquiav
616 2203 819 2282 recenseat?
856 2204 959 2282 unde⁴
978 2206 1061 2306 plus
1116 2208 1264 2306 pientiae
1296 2235 1337 2286 ac
1358 2209 1518 2286 utilitatis
1545 2209 1693 2312 ledon,
1722 2239 1833 2312 quam
1859 2243 1911 2296 ex

260 2315 391 2414 quavis
414 2312 480 2386 alia
502 2306 726 2404 narratione,
754 2303 940 2382 accesserit.
1005 2301 1118 2408 Ego,
1150 2301 1177 2380 fi
1202 2305 1381 2406 pmiseri't,
1417 2331 1464 2386 ne
1487 2309 1732 2390 excusandum
1755 2315 1912 2414 quidem

201 2452 220 2524 ς
260 2409 550 2490 existimaverim.
616 2409 643 2504 y*
667 2405 710 2481 ln
736 2405 820 2481 viris
845 2427 935 2480 vero
959 2402 1107 2482 Ducum
1132 2429 1173 2482 ac
1197 2407 1386 2506 virorum,
1418 2432 1541 2486 rerum
1572 2413 1735 2492 civilium
1758 2413 1918 2503 admini2

259 2509 422 2588 strationi
444 2507 701 2604 admotorum,
727 2527 773 2580 eo
795 2503 977 2580 sollicitius
1002 2505 1126 2582 omnia
1151 2501 1365 2583 recensenda
1387 2506 1487 2606 sum,
1519 2533 1596 2606 quo
1620 2514 1738 2616 magis
1761 2537 1782 2590 e
1803 2517 1913 2595 mini.

220 2613 228 2624 '
260 2613 331 2687 mis
355 2609 450 2710 saepe
474 2603 745 2682 circumstantiis
769 2603 955 2706 inopinata
979 2600 1147 2700 quaedam
1172 2601 1316 2680 consilia
1340 2606 1377 2682 dt
1401 2629 1554 2686 eventus
1578 2633 1782 2715 emergunt.
1835 2615 1914 2694 Sed

257 2710 406 2796 necilla
430 2727 570 2784 tannim
613 2727 697 2802 quae
750 2705 833 2783 reci
862 2725 906 2778 ua
936 2702 1039 2778 alicui
1065 2699 1273 2800 videantur,
1309 2703 1368 2780 sed
1391 2709 1558 2810 περίεργα
1579 2712 1730 2794 menne
1786 2737 1912 2794 roeter.

257 2807 376 2886 cunda
398 2803 467 2884 esso
491 2763 676 2901 mulino,
701 2727 748 2877 sap
753 2728 860 2905 quid)
867 2803 905 2878 in
929 2802 997 2878 illis
1022 2822 1150 2878 notatu
1172 2827 1250 2879 non
1275 2801 1471 2906 indignum
1496 2807 1670 2888 videatur.
1775 2839 1834 2892 am
1858 2817 1909 2894 le.

256 2908 406 3007 viaillt,
430 2927 513 3004 quac
537 2907 657 2999 Junn
678 2903 798 2976 Cornu
820 2905 859 2980 in
875 2901 972 2978 Vitis
995 2902 1265 3003 Imperatorum
1281 2926 1570 2985 commemorare
1581 2905 1705 2991 solitus
1723 2909 1792 3009 est,
1815 2939 1912 3012 quo-

257 3010 326 3096 ties
347 3001 594 3104 processerint,
619 2999 768 3097 quando
791 2999 894 3076 cibos
919 3001 1164 3098 variaverint,
1190 2999 1338 3098 quando
1360 3000 1498 3101 vestem
1526 3012 1784 3112 mutaverint,
1803 3037 1846 3092 ac
1868 3019 1910 3096 in

256 3103 340 3278 {piso
362 3102 476 3194 Julius
503 3096 732 3212 Capitolinus
754 3096 1010 3197 reprehendit,
1049 3121 1161 3176 nemo
1193 3098 1362 3178 cordatus
1388 3103 1557 3206 Scriptor
1587 3127 1724 3188 temere
1757 3113 1910 3194 notabit.

288 3199 470 3276 lunrchus
497 3217 659 3299 optimus
684 3197 853 3272 Virarum
872 3195 1039 3297 Scriptor
1061 3198 1098 3272 in
1118 3197 1329 3276 Alexandro
1351 3199 1416 3292 suo
1433 3228 1517 3288 ‚non
1539 3201 1614 3283 sem
1642 3231 1682 3284 er
1706 3209 1911 3294 clarissunas

286 3319 421 3396 uasque
443 3321 513 3396 res,
537 3297 687 3372 virtutes
714 3296 773 3370 vel
797 3297 886 3372 viria
906 3294 1192 3395 repraesentanda
1212 3300 1272 3398 ait,
1313 3298 1375 3376 sed
1399 3303 1574 3406 exiguum
1611 3305 1746 3396 ubinde
1769 3309 1910 3392 fusium

259 3325 473 3494 diuumque
499 3395 683 3494 &jocum
707 3395 887 3494 aliquem,
945 3395 984 3470 ui
1015 3395 1120 3474 citius
1148 3395 1331 3497 specimen
1361 3398 1443 3476 edat
1468 3429 1639 3505 morum,
1671 3435 1781 3506 quam
1804 3409 1909 3491 fitne.

258 3493 404 3572 ffiffinn
429 3496 561 3596 praelia.
626 3495 855 3570 eoncedendum
948 3503 968 3566 's
990 3495 1046 3594 estu,
1074 3496 1194 3593 inquit
1216 3497 1294 3595 ille,
1328 3507 1423 3574 numi
1443 3504 1557 3578 indicia
1580 3527 1619 3578 ur
1638 3505 1846 3604 seruum,
1871 3541 1911 3586 ,ς

259 3595 568 3697 cujusqurpcrhnc
591 3597 795 3690 insormnnnr
817 3598 1027 3668 nicaenenses
1049 3599 1159 3668 molem
1181 3623 1291 3670 rernm
1317 3595 1360 3673 &³
1383 3613 1554 3678 certarunt
1574 3616 1804 3706 parntirrnnus.
1831 3612 1910 3693 Au.
1980 3691 1981 3700 ἵ

258 3691 389 3798 gustin
414 3691 587 3770 Masoard.
623 3691 671 3766 de
695 3713 770 3768 arte
793 3689 968 3774 historica
983 3691 1081 3770 trusi.
1104 3721 1131 3770 r.
1157 3721 1186 3770 c.
1211 3722 1243 3793 3.
1268 3698 1306 3772 in
1340 3698 1466 3776 eadem
1490 3699 1661 3780 sententia
1680 3705 1744 3786 est
1820 3717 1909 3807 Quo·
1979 3701 1981 3792 J

258 3801 353 3880 amm,
375 3793 493 3890 inquit
518 3791 587 3890 ille,
611 3791 726 3864 irrdoses
752 3787 797 3866 ss
819 3795 1028 3870 inclinationes
1051 3815 1171 3866 mtnrae
1191 3792 1416 3893 cognoscuntur
1436 3827 1454 3872 e
1476 3801 1567 3874 rebus
1590 3807 1804 3906 nainntffmis,
1827 3837 1909 3886 ere-
1979 3797 1980 3848 l

248 3893 283 3991 s
319 3895 405 3991 rssom
421 3901 586 3992 impinnrn,
603 3917 643 3962 cx
659 3891 775 3964 asilum
793 3893 909 3992 aliqua,
926 3919 993 3992 qna
1005 3896 1073 3964 alin
1082 3916 1199 3994 parum
1211 3895 1257 3964 ad
1268 3922 1334 3966 rem
1345 3908 1505 3996 pmiuerr
1521 3901 1679 3990 videntur,
1699 3933 1740 3980 ex
1755 3921 1910 4010 operatio.
1978 3899 1979 3985 l

200 4035 210 4044 -
256 3915 517 4092 [bipontinus
538 3984 582 4066 ss
599 3989 776 4076 ordinariis,
796 4016 858 4062 non
871 3989 928 4062 hoc
940 3995 1081 4064 indecens
1100 3997 1246 4066 Virorum
1262 3996 1408 4095 Scrn'ptor
1422 4000 1588 4094 trissitant,
1603 4003 1632 4099 β
1648 4027 1830 4082 recuruum
1858 4037 1909 4083 eo·
1975 4023 1978 4123 p

255 4117 330 4162 rum
344 4101 496 4175 rationem
512 4087 645 4174 habeam
665 4096 816 4191 pran'pne
828 4098 861 4160 in
875 4089 1058 4180 faciliorum
1073 4093 1212 4187 historin,
1237 4090 1422 4194 respiciendo
1441 4100 1487 4168 ad
1494 4101 1623 4195 sallum
1645 4127 1707 4176 mn
1717 4105 1831 4204 filum,
1844 4107 1912 4206 fid
1964 4105 1969 4117 .

203 4213 210 4225 ‘
258 4186 304 4265 &¹
327 4189 519 4273 admodnn,
536 4208 665 4294 tempus,
674 4191 853 4286 occasionem
866 4192 1265 4290 aliasquenrcnnssnnias.
1315 4193 1431 4296 Quae,
1452 4194 1479 4268 fi
1504 4199 1543 4272 its
1564 4197 1781 4284 Sandlotum
1798 4207 1910 4286 rebus

257 4311 278 4364 o
301 4285 478 4368 Mascardi
507 4286 679 4374 sententia
706 4285 931 4365 attendenda.
948 4285 1049 4386 sunt,
1072 4289 1108 4364 in
1133 4291 1216 4366 Vita
1239 4289 1370 4390 Ducis,
1397 4291 1517 4382 Princi
1546 4299 1587 4397 is,
1607 4299 1768 4378 Ministri
1786 4305 1909 4410 Regii,

132 4421 140 4428 ·
256 4411 336 4488 prae
349 4390 475 4462 ceteris
488 4370 710 4500 observanda
733 4382 825 4497 suut,
839 4410 923 4500 curn
945 4387 984 4461 in
1009 4390 1051 4464 iis
1076 4412 1164 4501 vere
1189 4393 1231 4468 ro*
1259 4397 1504 4494 πραγμενηκδν
1558 4418 1638 4476 teat.
1688 4399 1774 4506 Ego
1794 4429 1907 4505 certe,

257 4509 337 4562 eam
356 4486 406 4563 ob
428 4483 564 4562 causam
577 4507 704 4587 magns
725 4481 818 4562 fano
838 4483 962 4560 Vtram
976 4485 1157 4587 Peirescri,
1183 4491 1403 4569 aGalsendo'
1418 4491 1597 4598 scriptam,
1612 4521 1688 4596 quo
1714 4505 1753 4580 iu
1776 4528 1910 4586 omnes

1780 4625 1905 4704 partes
