<?xml version="1.0" encoding="UTF-8"?>
<!DOCTYPE html PUBLIC "-//W3C//DTD XHTML 1.0 Transitional//EN"
    "http://www.w3.org/TR/xhtml1/DTD/xhtml1-transitional.dtd">
<html xmlns="http://www.w3.org/1999/xhtml" xml:lang="en" lang="en">
 <head>
  <title>
</title>
<meta http-equiv="Content-Type" content="text/html;charset=utf-8" />
  <meta name='ocr-system' content='tesseract 3.04.00' />
  <meta name='ocr-capabilities' content='ocr_page ocr_carea ocr_par ocr_line ocrx_word'/>
</head>
<body>
  <div class='ocr_page' id='page_1' title='image "./polyhistorliter00fabrgoog/polyhistorliter00fabrgoog_0587.png"; bbox 0 0 3950 5236; ppageno 0'>
   <div class='ocr_carea' id='block_1_1' title="bbox 192 187 1307 387">
    <p class='ocr_par' dir='ltr' id='par_1_1' title="bbox 192 187 1307 387">
     <span class='ocr_line' id='line_1_1' title="bbox 192 187 1307 387; baseline -0.022 -30"><span class='ocrx_word' id='word_1_1' title='bbox 192 223 284 380; x_wconf 60' lang='grc' dir='ltr'><strong>ιμς</strong></span> <span class='ocrx_word' id='word_1_2' title='bbox 799 187 967 362; x_wconf 61' lang='lat' dir='ltr'><strong>rabbu.</strong></span> <span class='ocrx_word' id='word_1_3' title='bbox 992 251 1109 343; x_wconf 73' lang='lat' dir='ltr'><strong>Lr&#39;tar.</strong></span> <span class='ocrx_word' id='word_1_4' title='bbox 1135 249 1212 334; x_wconf 77' lang='lat' dir='ltr'><strong>zib:</strong></span> <span class='ocrx_word' id='word_1_5' title='bbox 1228 251 1273 334; x_wconf 86' lang='lat' dir='ltr'><strong>II.</strong></span> <span class='ocrx_word' id='word_1_6' title='bbox 1304 379 1307 387; x_wconf 45' lang='lat'><strong>.</strong></span> 
     </span>
    </p>
   </div>
   <div class='ocr_carea' id='block_1_2' title="bbox 70 398 1874 740">
    <p class='ocr_par' dir='ltr' id='par_1_2' title="bbox 70 398 1874 740">
     <span class='ocr_line' id='line_1_2' title="bbox 70 398 1873 542; baseline -0.017 -14"><span class='ocrx_word' id='word_1_7' title='bbox 70 423 81 441; x_wconf 71' lang='lat'><strong>.</strong></span> <span class='ocrx_word' id='word_1_8' title='bbox 179 424 326 540; x_wconf 66' lang='lat' dir='ltr'><strong>¹iinon</strong></span> <span class='ocrx_word' id='word_1_9' title='bbox 343 464 383 516; x_wconf 88' lang='lat' dir='ltr'><strong>te</strong></span> <span class='ocrx_word' id='word_1_10' title='bbox 397 437 485 542; x_wconf 84' lang='lat' dir='ltr'><strong>ipsa,</strong></span> <span class='ocrx_word' id='word_1_11' title='bbox 500 433 622 512; x_wconf 80' lang='lat' dir='ltr'><strong>fialtem</strong></span> <span class='ocrx_word' id='word_1_12' title='bbox 640 427 776 525; x_wconf 76' lang='lat' dir='ltr'><strong>ver-bis,</strong></span> <span class='ocrx_word' id='word_1_13' title='bbox 802 423 930 503; x_wconf 83' lang='lat' dir='ltr'><strong>officiis</strong></span> <span class='ocrx_word' id='word_1_14' title='bbox 948 423 989 500; x_wconf 79' lang='lat' dir='ltr'><strong>dt</strong></span> <span class='ocrx_word' id='word_1_15' title='bbox 1012 425 1117 500; x_wconf 87' lang='lat' dir='ltr'><strong>omni</strong></span> <span class='ocrx_word' id='word_1_16' title='bbox 1139 398 1537 538; x_wconf 71' lang='lat' dir='ltr'><strong>generehtimanitatis.</strong></span> <span class='ocrx_word' id='word_1_17' title='bbox 1584 419 1700 498; x_wconf 89' lang='lat' dir='ltr'><strong>Nulla</strong></span> <span class='ocrx_word' id='word_1_18' title='bbox 1713 441 1772 538; x_wconf 73' lang='lat' dir='ltr'><strong>rea</strong></span> <span class='ocrx_word' id='word_1_19' title='bbox 1787 441 1873 498; x_wconf 84' lang='lat' dir='ltr'><strong>ma·</strong></span> 
     </span>
     <span class='ocr_line' id='line_1_3' title="bbox 204 519 1874 650; baseline -0.016 -28"><span class='ocrx_word' id='word_1_20' title='bbox 204 549 264 650; x_wconf 87' lang='lat' dir='ltr'><strong>gis</strong></span> <span class='ocrx_word' id='word_1_21' title='bbox 283 546 345 620; x_wconf 88' lang='lat' dir='ltr'><strong>vel</strong></span> <span class='ocrx_word' id='word_1_22' title='bbox 357 563 429 636; x_wconf 87' lang='lat' dir='ltr'><strong>me,</strong></span> <span class='ocrx_word' id='word_1_23' title='bbox 443 537 504 612; x_wconf 89' lang='lat' dir='ltr'><strong>vel</strong></span> <span class='ocrx_word' id='word_1_24' title='bbox 520 534 633 631; x_wconf 90' lang='lat' dir='ltr'><strong>illum,</strong></span> <span class='ocrx_word' id='word_1_25' title='bbox 647 530 715 606; x_wconf 90' lang='lat' dir='ltr'><strong>tibi</strong></span> <span class='ocrx_word' id='word_1_26' title='bbox 733 525 885 640; x_wconf 83' lang='lat' dir='ltr'><strong>reddere</strong></span> <span class='ocrx_word' id='word_1_27' title='bbox 900 525 1038 640; x_wconf 83' lang='lat' dir='ltr'><strong>poterit</strong></span> <span class='ocrx_word' id='word_1_28' title='bbox 1052 523 1270 636; x_wconf 79' lang='lat' dir='ltr'><strong>obuoxntm,</strong></span> <span class='ocrx_word' id='word_1_29' title='bbox 1284 520 1587 636; x_wconf 74' lang='lat' dir='ltr'><strong>emguaequrdem</strong></span> <span class='ocrx_word' id='word_1_30' title='bbox 1601 519 1874 618; x_wconf 71' lang='lat' dir='ltr'><strong>facultatased</strong></span> 
     </span>
     <span class='ocr_line' id='line_1_4' title="bbox 204 618 1874 740; baseline -0.015 -20"><span class='ocrx_word' id='word_1_31' title='bbox 204 645 376 720; x_wconf 85' lang='lat' dir='ltr'><strong>maxitnae</strong></span> <span class='ocrx_word' id='word_1_32' title='bbox 389 638 614 740; x_wconf 78' lang='lat' dir='ltr'><strong>optimaque</strong></span> <span class='ocrx_word' id='word_1_33' title='bbox 628 631 825 706; x_wconf 73' lang='lat' dir='ltr'><strong>voluntatis</strong></span> <span class='ocrx_word' id='word_1_34' title='bbox 841 625 1025 724; x_wconf 88' lang='lat' dir='ltr'><strong>hommes,</strong></span> <span class='ocrx_word' id='word_1_35' title='bbox 1046 621 1092 698; x_wconf 88' lang='lat' dir='ltr'><strong>ad</strong></span> <span class='ocrx_word' id='word_1_36' title='bbox 1105 646 1271 724; x_wconf 74' lang='lat' dir='ltr'><strong>impona,</strong></span> <span class='ocrx_word' id='word_1_37' title='bbox 1307 645 1385 698; x_wconf 91' lang='lat' dir='ltr'><strong>uno</strong></span> <span class='ocrx_word' id='word_1_38' title='bbox 1409 621 1457 698; x_wconf 87' lang='lat' dir='ltr'><strong>ad</strong></span> <span class='ocrx_word' id='word_1_39' title='bbox 1480 644 1589 698; x_wconf 86' lang='lat' dir='ltr'><strong>nutus</strong></span> <span class='ocrx_word' id='word_1_40' title='bbox 1608 643 1692 698; x_wconf 89' lang='lat' dir='ltr'><strong>tuos</strong></span> <span class='ocrx_word' id='word_1_41' title='bbox 1713 618 1874 698; x_wconf 85' lang='lat' dir='ltr'><strong>advola·</strong></span> 
     </span>
    </p>
   </div>
   <div class='ocr_carea' id='block_1_3' title="bbox 204 766 318 820">
    <p class='ocr_par' dir='ltr' id='par_1_3' title="bbox 204 766 318 820">
     <span class='ocr_line' id='line_1_5' title="bbox 204 766 318 820; baseline 0 0"><span class='ocrx_word' id='word_1_42' title='bbox 204 766 318 820; x_wconf 81' lang='lat' dir='ltr'><strong>turos.</strong></span> 
     </span>
    </p>
   </div>
   <div class='ocr_carea' id='block_1_4' title="bbox 145 832 1810 1150">
    <p class='ocr_par' dir='ltr' id='par_1_4' title="bbox 145 832 1810 1150">
     <span class='ocr_line' id='line_1_6' title="bbox 145 832 1810 1042; baseline -0.014 -28"><span class='ocrx_word' id='word_1_43' title='bbox 145 958 193 1033; x_wconf 76' lang='lat'><strong>31</strong></span> <span class='ocrx_word' id='word_1_44' title='bbox 338 894 652 1042; x_wconf 85' lang='lat' dir='ltr'><strong>Responsoria</strong></span> <span class='ocrx_word' id='word_1_45' title='bbox 668 891 732 998; x_wconf 75' lang='lat' dir='ltr'><strong>ad‘</strong></span> <span class='ocrx_word' id='word_1_46' title='bbox 741 832 1233 1030; x_wconf 76' lang='lat' dir='ltr'><strong>gratiarum-adoriam,</strong></span> <span class='ocrx_word' id='word_1_47' title='bbox 1253 919 1310 986; x_wconf 87' lang='lat' dir='ltr'><strong>ex</strong></span> <span class='ocrx_word' id='word_1_48' title='bbox 1329 881 1544 1024; x_wconf 84' lang='lat' dir='ltr'><strong>Epist.&#39;19.</strong></span> <span class='ocrx_word' id='word_1_49' title='bbox 1560 877 1636 990; x_wconf 90' lang='lat' dir='ltr'><strong>lib.</strong></span> <span class='ocrx_word' id='word_1_50' title='bbox 1647 862 1722 992; x_wconf 79' lang='lat' dir='ltr'><strong>lo.</strong></span> <span class='ocrx_word' id='word_1_51' title='bbox 1805 857 1810 872; x_wconf 54' lang='grc'>’</span> 
     </span>
     <span class='ocr_line' id='line_1_7' title="bbox 650 1022 1426 1150; baseline -0.015 -28"><span class='ocrx_word' id='word_1_52' title='bbox 650 1033 724 1126; x_wconf 91' lang='lat' dir='ltr'><strong>sub</strong></span> <span class='ocrx_word' id='word_1_53' title='bbox 739 1029 907 1150; x_wconf 86' lang='lat' dir='ltr'><strong>persona</strong></span> <span class='ocrx_word' id='word_1_54' title='bbox 925 1029 1090 1120; x_wconf 87' lang='lat' dir='ltr'><strong>Patroni</strong></span> <span class='ocrx_word' id='word_1_55' title='bbox 1104 1027 1157 1116; x_wconf 87' lang='lat' dir='ltr'><strong>ad</strong></span> <span class='ocrx_word' id='word_1_56' title='bbox 1175 1022 1426 1113; x_wconf 86' lang='lat' dir='ltr'><strong>Studiosum.</strong></span> 
     </span>
    </p>
   </div>
   <div class='ocr_carea' id='block_1_5' title="bbox 163 1185 1875 2502">
    <p class='ocr_par' dir='ltr' id='par_1_5' title="bbox 202 1185 1875 2098">
     <span class='ocr_line' id='line_1_8' title="bbox 294 1185 1875 1302; baseline -0.009 -24"><span class='ocrx_word' id='word_1_57' title='bbox 294 1207 417 1282; x_wconf 60' lang='lat' dir='ltr'><strong>Adeo</strong></span> <span class='ocrx_word' id='word_1_58' title='bbox 431 1200 657 1302; x_wconf 81' lang='lat' dir='ltr'><strong>sunt&#39;exigua</strong></span> <span class='ocrx_word' id='word_1_59' title='bbox 668 1222 747 1274; x_wconf 87' lang='lat' dir='ltr'><strong>mea</strong></span> <span class='ocrx_word' id='word_1_60' title='bbox 763 1199 800 1290; x_wconf 75' lang='lat' dir='ltr'><strong>in</strong></span> <span class='ocrx_word' id='word_1_61' title='bbox 819 1218 855 1271; x_wconf 89' lang='lat' dir='ltr'><strong>te</strong></span> <span class='ocrx_word' id='word_1_62' title='bbox 871 1189 1045 1269; x_wconf 85' lang='lat' dir='ltr'><strong>beneficia</strong></span> <span class='ocrx_word' id='word_1_63' title='bbox 1065 1185 1346 1293; x_wconf 80' lang='lat' dir='ltr'><strong>utmagnificam</strong></span> <span class='ocrx_word' id='word_1_64' title='bbox 1357 1187 1455 1263; x_wconf 87' lang='lat' dir='ltr'><strong>illam</strong></span> <span class='ocrx_word' id='word_1_65' title='bbox 1465 1186 1661 1290; x_wconf 81' lang='lat' dir='ltr'><strong>gratiarum</strong></span> <span class='ocrx_word' id='word_1_66' title='bbox 1675 1185 1875 1264; x_wconf 70' lang='lat' dir='ltr'><strong>astionem</strong></span> 
     </span>
     <span class='ocr_line' id='line_1_9' title="bbox 205 1251 1875 1398; baseline -0.014 -13"><span class='ocrx_word' id='word_1_67' title='bbox 205 1329 283 1386; x_wconf 92' lang='lat' dir='ltr'><strong>non</strong></span> <span class='ocrx_word' id='word_1_68' title='bbox 297 1325 524 1396; x_wconf 85' lang='lat' dir='ltr'><strong>mereantur3</strong></span> <span class='ocrx_word' id='word_1_69' title='bbox 547 1323 679 1398; x_wconf 90' lang='lat' dir='ltr'><strong>tamen,</strong></span> <span class='ocrx_word' id='word_1_70' title='bbox 696 1294 848 1398; x_wconf 89' lang='lat' dir='ltr'><strong>quando</strong></span> <span class='ocrx_word' id='word_1_71' title='bbox 865 1298 913 1371; x_wconf 87' lang='lat' dir='ltr'><strong>ita</strong></span> <span class='ocrx_word' id='word_1_72' title='bbox 931 1251 1087 1390; x_wconf 84' lang='lat' dir='ltr'><strong>voluilli,</strong></span> <span class='ocrx_word' id='word_1_73' title='bbox 1102 1311 1143 1366; x_wconf 92' lang='lat' dir='ltr'><strong>ut</strong></span> <span class='ocrx_word' id='word_1_74' title='bbox 1158 1310 1297 1364; x_wconf 83' lang='lat' dir='ltr'>extaret</span> <span class='ocrx_word' id='word_1_75' title='bbox 1311 1287 1599 1364; x_wconf 79' lang='lat' dir='ltr'><strong>haecvoluntatis</strong></span> <span class='ocrx_word' id='word_1_76' title='bbox 1612 1308 1683 1382; x_wconf 78' lang='lat' dir='ltr'><strong>tuae</strong></span> <span class='ocrx_word' id='word_1_77' title='bbox 1699 1310 1791 1392; x_wconf 77' lang='lat' dir='ltr'><strong>erga</strong></span> <span class='ocrx_word' id='word_1_78' title='bbox 1803 1312 1875 1362; x_wconf 89' lang='lat' dir='ltr'><strong>me</strong></span> 
     </span>
     <span class='ocr_line' id='line_1_10' title="bbox 205 1385 1874 1506; baseline -0.011 -23"><span class='ocrx_word' id='word_1_79' title='bbox 205 1407 420 1502; x_wconf 83' lang='lat' dir='ltr'><strong>declaratio;</strong></span> <span class='ocrx_word' id='word_1_80' title='bbox 443 1403 504 1480; x_wconf 91' lang='lat' dir='ltr'><strong>vel</strong></span> <span class='ocrx_word' id='word_1_81' title='bbox 517 1399 602 1478; x_wconf 87' lang='lat' dir='ltr'><strong>ideo</strong></span> <span class='ocrx_word' id='word_1_82' title='bbox 620 1423 767 1506; x_wconf 83' lang='lat' dir='ltr'><strong>gratum</strong></span> <span class='ocrx_word' id='word_1_83' title='bbox 780 1396 874 1472; x_wconf 89' lang='lat' dir='ltr'><strong>mihi</strong></span> <span class='ocrx_word' id='word_1_84' title='bbox 887 1394 961 1470; x_wconf 92' lang='lat' dir='ltr'><strong>hoc</strong></span> <span class='ocrx_word' id='word_1_85' title='bbox 974 1414 1079 1468; x_wconf 90' lang='lat' dir='ltr'><strong>tuum</strong></span> <span class='ocrx_word' id='word_1_86' title='bbox 1098 1391 1167 1466; x_wconf 87' lang='lat' dir='ltr'><strong>fuit</strong></span> <span class='ocrx_word' id='word_1_87' title='bbox 1181 1387 1356 1484; x_wconf 88' lang='lat' dir='ltr'><strong>officium,</strong></span> <span class='ocrx_word' id='word_1_88' title='bbox 1374 1385 1478 1488; x_wconf 91' lang='lat' dir='ltr'><strong>quod</strong></span> <span class='ocrx_word' id='word_1_89' title='bbox 1492 1389 1627 1463; x_wconf 81' lang='lat' dir='ltr'><strong>amoris</strong></span> <span class='ocrx_word' id='word_1_90' title='bbox 1642 1387 1694 1463; x_wconf 93' lang='lat' dir='ltr'><strong>tui</strong></span> <span class='ocrx_word' id='word_1_91' title='bbox 1709 1411 1797 1464; x_wconf 90' lang='lat' dir='ltr'><strong>non.</strong></span> <span class='ocrx_word' id='word_1_92' title='bbox 1813 1411 1874 1464; x_wconf 86' lang='lat' dir='ltr'><strong>es·</strong></span> 
     </span>
     <span class='ocr_line' id='line_1_11' title="bbox 202 1487 1875 1606; baseline -0.013 -22"><span class='ocrx_word' id='word_1_93' title='bbox 202 1506 472 1586; x_wconf 79' lang='lat' dir='ltr'><strong>setevidentius</strong></span> <span class='ocrx_word' id='word_1_94' title='bbox 489 1523 759 1606; x_wconf 80' lang='lat' dir='ltr'><strong>argumentum.</strong></span> <span class='ocrx_word' id='word_1_95' title='bbox 810 1491 966 1572; x_wconf 83' lang='lat' dir='ltr'><strong>Aaceffit</strong></span> <span class='ocrx_word' id='word_1_96' title='bbox 984 1515 1127 1568; x_wconf 75' lang='lat' dir='ltr'><strong>nouum</strong></span> <span class='ocrx_word' id='word_1_97' title='bbox 1149 1489 1234 1564; x_wconf 88' lang='lat' dir='ltr'><strong>huic</strong></span> <span class='ocrx_word' id='word_1_98' title='bbox 1260 1487 1406 1566; x_wconf 68' lang='lat' dir='ltr'><strong>alfelmi</strong></span> <span class='ocrx_word' id='word_1_99' title='bbox 1428 1509 1495 1566; x_wconf 92' lang='lat' dir='ltr'><strong>tuo</strong></span> <span class='ocrx_word' id='word_1_100' title='bbox 1517 1507 1797 1591; x_wconf 68' lang='lat' dir='ltr'><strong>argumentum,</strong></span> <span class='ocrx_word' id='word_1_101' title='bbox 1816 1508 1875 1588; x_wconf 87' lang='lat' dir='ltr'><strong>ea,</strong></span> 
     </span>
     <span class='ocr_line' id='line_1_12' title="bbox 207 1585 1871 1704; baseline -0.013 -20"><span class='ocrx_word' id='word_1_102' title='bbox 207 1632 316 1704; x_wconf 88' lang='lat' dir='ltr'><strong>quam</strong></span> <span class='ocrx_word' id='word_1_103' title='bbox 331 1607 475 1682; x_wconf 82' lang='lat' dir='ltr'><strong>nomini</strong></span> <span class='ocrx_word' id='word_1_104' title='bbox 487 1623 573 1678; x_wconf 88' lang='lat' dir='ltr'><strong>meo</strong></span> <span class='ocrx_word' id='word_1_105' title='bbox 590 1595 804 1702; x_wconf 76' lang='lat' dir='ltr'><strong>inscripsisti,</strong></span> <span class='ocrx_word' id='word_1_106' title='bbox 821 1591 1074 1690; x_wconf 73' lang='lat' dir='ltr'>dissertatione,</span> <span class='ocrx_word' id='word_1_107' title='bbox 1093 1587 1202 1665; x_wconf 71' lang='lat' dir='ltr'><strong>dolia</strong></span> <span class='ocrx_word' id='word_1_108' title='bbox 1214 1585 1295 1664; x_wconf 82' lang='lat' dir='ltr'><strong>stne</strong></span> <span class='ocrx_word' id='word_1_109' title='bbox 1314 1588 1352 1664; x_wconf 81' lang='lat' dir='ltr'><strong>dt</strong></span> <span class='ocrx_word' id='word_1_110' title='bbox 1365 1589 1538 1692; x_wconf 81' lang='lat' dir='ltr'>eleganti:</span> <span class='ocrx_word' id='word_1_111' title='bbox 1564 1612 1638 1686; x_wconf 84' lang='lat' dir='ltr'><strong>qua</strong></span> <span class='ocrx_word' id='word_1_112' title='bbox 1661 1608 1703 1663; x_wconf 88' lang='lat' dir='ltr'><strong>ut</strong></span> <span class='ocrx_word' id='word_1_113' title='bbox 1717 1589 1871 1692; x_wconf 85' lang='lat' dir='ltr'><strong>ingenii</strong></span> 
     </span>
     <span class='ocr_line' id='line_1_13' title="bbox 205 1685 1875 1807; baseline -0.01 -24"><span class='ocrx_word' id='word_1_114' title='bbox 205 1711 258 1784; x_wconf 87' lang='lat' dir='ltr'><strong>tui</strong></span> <span class='ocrx_word' id='word_1_115' title='bbox 272 1702 607 1807; x_wconf 84' lang='lat' dir='ltr'><strong>promptitudinem</strong></span> <span class='ocrx_word' id='word_1_116' title='bbox 622 1695 818 1796; x_wconf 85' lang='lat' dir='ltr'><strong>ostendisti,</strong></span> <span class='ocrx_word' id='word_1_117' title='bbox 834 1698 882 1770; x_wconf 87' lang='lat' dir='ltr'><strong>ita</strong></span> <span class='ocrx_word' id='word_1_118' title='bbox 898 1693 937 1770; x_wconf 80' lang='lat' dir='ltr'><strong>dt</strong></span> <span class='ocrx_word' id='word_1_119' title='bbox 949 1693 1025 1783; x_wconf 75' lang='lat' dir='ltr'><strong>aliis</strong></span> <span class='ocrx_word' id='word_1_120' title='bbox 1038 1688 1239 1794; x_wconf 72' lang='lat' dir='ltr'><strong>significare</strong></span> <span class='ocrx_word' id='word_1_121' title='bbox 1257 1685 1415 1787; x_wconf 86' lang='lat' dir='ltr'><strong>voluisti,</strong></span> <span class='ocrx_word' id='word_1_122' title='bbox 1428 1689 1555 1786; x_wconf 88' lang='lat' dir='ltr'><strong>quanti</strong></span> <span class='ocrx_word' id='word_1_123' title='bbox 1573 1711 1634 1762; x_wconf 90' lang='lat' dir='ltr'><strong>me</strong></span> <span class='ocrx_word' id='word_1_124' title='bbox 1648 1685 1799 1786; x_wconf 76' lang='lat' dir='ltr'><strong>faceres,</strong></span> <span class='ocrx_word' id='word_1_125' title='bbox 1830 1689 1875 1766; x_wconf 78' lang='lat' dir='ltr'><strong>dt</strong></span> 
     </span>
     <span class='ocr_line' id='line_1_14' title="bbox 205 1787 1872 1904; baseline -0.008 -23"><span class='ocrx_word' id='word_1_126' title='bbox 205 1829 285 1904; x_wconf 88' lang='lat' dir='ltr'><strong>quo</strong></span> <span class='ocrx_word' id='word_1_127' title='bbox 303 1809 393 1880; x_wconf 90' lang='lat' dir='ltr'><strong>loco</strong></span> <span class='ocrx_word' id='word_1_128' title='bbox 412 1803 574 1880; x_wconf 85' lang='lat' dir='ltr'><strong>habetes.</strong></span> <span class='ocrx_word' id='word_1_129' title='bbox 625 1799 753 1898; x_wconf 80' lang='lat' dir='ltr'><strong>Quare</strong></span> <span class='ocrx_word' id='word_1_130' title='bbox 765 1819 858 1872; x_wconf 77' lang='lat' dir='ltr'><strong>meoe</strong></span> <span class='ocrx_word' id='word_1_131' title='bbox 872 1795 997 1896; x_wconf 88' lang='lat' dir='ltr'><strong>potius</strong></span> <span class='ocrx_word' id='word_1_132' title='bbox 1011 1811 1132 1893; x_wconf 83' lang='lat' dir='ltr'><strong>partes</strong></span> <span class='ocrx_word' id='word_1_133' title='bbox 1148 1787 1240 1886; x_wconf 88' lang='lat' dir='ltr'><strong>sunt,</strong></span> <span class='ocrx_word' id='word_1_134' title='bbox 1265 1810 1306 1864; x_wconf 89' lang='lat' dir='ltr'><strong>ut</strong></span> <span class='ocrx_word' id='word_1_135' title='bbox 1328 1791 1459 1892; x_wconf 81' lang='lat' dir='ltr'><strong>gratias</strong></span> <span class='ocrx_word' id='word_1_136' title='bbox 1481 1787 1546 1864; x_wconf 88' lang='lat' dir='ltr'><strong>tibi</strong></span> <span class='ocrx_word' id='word_1_137' title='bbox 1567 1788 1726 1891; x_wconf 85' lang='lat' dir='ltr'><strong>largiore</strong></span> <span class='ocrx_word' id='word_1_138' title='bbox 1746 1811 1872 1867; x_wconf 86' lang='lat' dir='ltr'><strong>manu</strong></span> 
     </span>
     <span class='ocr_line' id='line_1_15' title="bbox 205 1880 1873 2002; baseline -0.008 -24"><span class='ocrx_word' id='word_1_139' title='bbox 205 1906 345 2002; x_wconf 86' lang='lat' dir='ltr'><strong>metiar,</strong></span> <span class='ocrx_word' id='word_1_140' title='bbox 363 1905 546 1998; x_wconf 89' lang='lat' dir='ltr'><strong>novisque</strong></span> <span class='ocrx_word' id='word_1_141' title='bbox 562 1898 802 1996; x_wconf 59' lang='lat' dir='ltr'><strong>officim-cum</strong></span> <span class='ocrx_word' id='word_1_142' title='bbox 818 1913 942 1970; x_wconf 89' lang='lat' dir='ltr'><strong>vetera</strong></span> <span class='ocrx_word' id='word_1_143' title='bbox 961 1893 1110 1967; x_wconf 88' lang='lat' dir='ltr'><strong>nomina</strong></span> <span class='ocrx_word' id='word_1_144' title='bbox 1132 1887 1349 1988; x_wconf 84' lang='lat' dir='ltr'><strong>jamdudum</strong></span> <span class='ocrx_word' id='word_1_145' title='bbox 1370 1888 1436 1963; x_wconf 89' lang='lat' dir='ltr'><strong>tibi</strong></span> <span class='ocrx_word' id='word_1_146' title='bbox 1457 1880 1651 1990; x_wconf 68' lang='lat' dir='ltr'><strong>expunfla,</strong></span> <span class='ocrx_word' id='word_1_147' title='bbox 1673 1886 1873 1965; x_wconf 85' lang='lat' dir='ltr'><strong>obnoxius</strong></span> 
     </span>
     <span class='ocr_line' id='line_1_16' title="bbox 207 1985 1872 2098; baseline -0.008 -20"><span class='ocrx_word' id='word_1_148' title='bbox 207 2001 274 2078; x_wconf 89' lang='lat' dir='ltr'><strong>tibi</strong></span> <span class='ocrx_word' id='word_1_149' title='bbox 289 2001 383 2076; x_wconf 84' lang='lat' dir='ltr'><strong>liam.</strong></span> <span class='ocrx_word' id='word_1_150' title='bbox 431 1999 475 2074; x_wconf 92' lang='lat' dir='ltr'><strong>ld</strong></span> <span class='ocrx_word' id='word_1_151' title='bbox 493 1999 573 2074; x_wconf 89' lang='lat' dir='ltr'><strong>sane</strong></span> <span class='ocrx_word' id='word_1_152' title='bbox 588 2021 740 2098; x_wconf 79' lang='lat' dir='ltr'><strong>operam</strong></span> <span class='ocrx_word' id='word_1_153' title='bbox 754 1994 863 2091; x_wconf 86' lang='lat' dir='ltr'><strong>dabo,</strong></span> <span class='ocrx_word' id='word_1_154' title='bbox 877 2014 919 2068; x_wconf 91' lang='lat' dir='ltr'><strong>ut</strong></span> <span class='ocrx_word' id='word_1_155' title='bbox 936 1991 1025 2068; x_wconf 88' lang='lat' dir='ltr'><strong>nihil</strong></span> <span class='ocrx_word' id='word_1_156' title='bbox 1040 1993 1078 2064; x_wconf 91' lang='lat' dir='ltr'><strong>in</strong></span> <span class='ocrx_word' id='word_1_157' title='bbox 1095 2011 1156 2064; x_wconf 89' lang='lat' dir='ltr'><strong>me</strong></span> <span class='ocrx_word' id='word_1_158' title='bbox 1179 1990 1295 2090; x_wconf 87' lang='lat' dir='ltr'><strong>patiar</strong></span> <span class='ocrx_word' id='word_1_159' title='bbox 1309 1985 1501 2063; x_wconf 87' lang='lat' dir='ltr'><strong>deliderari</strong></span> <span class='ocrx_word' id='word_1_160' title='bbox 1513 2011 1656 2086; x_wconf 89' lang='lat' dir='ltr'><strong>eorum,</strong></span> <span class='ocrx_word' id='word_1_161' title='bbox 1672 2010 1753 2085; x_wconf 85' lang='lat' dir='ltr'><strong>quae</strong></span> <span class='ocrx_word' id='word_1_162' title='bbox 1769 1986 1819 2062; x_wconf 85' lang='lat' dir='ltr'><strong>ad</strong></span> <span class='ocrx_word' id='word_1_163' title='bbox 1830 2009 1872 2064; x_wconf 90' lang='lat' dir='ltr'><strong>te</strong></span> 
     </span>
    </p>

    <p class='ocr_par' dir='ltr' id='par_1_6' title="bbox 163 2086 1874 2502">
     <span class='ocr_line' id='line_1_17' title="bbox 163 2086 1874 2202; baseline -0.009 -24"><span class='ocrx_word' id='word_1_164' title='bbox 163 2099 166 2110; x_wconf 86' lang='lat'>&#39;</span> <span class='ocrx_word' id='word_1_165' title='bbox 200 2100 407 2202; x_wconf 85' lang='lat' dir='ltr'><strong>juvandum</strong></span> <span class='ocrx_word' id='word_1_166' title='bbox 421 2091 703 2194; x_wconf 86' lang='lat' dir='ltr'><strong>amandumque</strong></span> <span class='ocrx_word' id='word_1_167' title='bbox 719 2095 904 2196; x_wconf 90' lang='lat' dir='ltr'><strong>pertinere</strong></span> <span class='ocrx_word' id='word_1_168' title='bbox 917 2089 1153 2166; x_wconf 89' lang='lat' dir='ltr'><strong>videbuntur.</strong></span> <span class='ocrx_word' id='word_1_169' title='bbox 1203 2086 1339 2164; x_wconf 86' lang='lat' dir='ltr'><strong>Fallam</strong></span> <span class='ocrx_word' id='word_1_170' title='bbox 1353 2089 1498 2162; x_wconf 87' lang='lat' dir='ltr'><strong>interim</strong></span> <span class='ocrx_word' id='word_1_171' title='bbox 1513 2090 1588 2164; x_wconf 88' lang='lat' dir='ltr'><strong>otia</strong></span> <span class='ocrx_word' id='word_1_172' title='bbox 1602 2111 1682 2172; x_wconf 84' lang='lat' dir='ltr'><strong>mea</strong></span> <span class='ocrx_word' id='word_1_173' title='bbox 1701 2109 1775 2162; x_wconf 83' lang='lat' dir='ltr'><strong>tuae</strong></span> <span class='ocrx_word' id='word_1_174' title='bbox 1785 2087 1874 2164; x_wconf 74' lang='lat' dir='ltr'><strong>Du:</strong></span> 
     </span>
     <span class='ocr_line' id='line_1_18' title="bbox 203 2185 1872 2290; baseline -0.008 -13"><span class='ocrx_word' id='word_1_175' title='bbox 203 2201 405 2277; x_wconf 77' lang='lat' dir='ltr'><strong>ferrutionis</strong></span> <span class='ocrx_word' id='word_1_176' title='bbox 420 2196 558 2274; x_wconf 89' lang='lat' dir='ltr'><strong>asfidua</strong></span> <span class='ocrx_word' id='word_1_177' title='bbox 572 2193 728 2270; x_wconf 71' lang='lat' dir='ltr'><strong>lestione</strong></span> <span class='ocrx_word' id='word_1_178' title='bbox 753 2211 862 2288; x_wconf 87' lang='lat' dir='ltr'><strong>atque</strong></span> <span class='ocrx_word' id='word_1_179' title='bbox 875 2193 923 2264; x_wconf 88' lang='lat' dir='ltr'><strong>ita</strong></span> <span class='ocrx_word' id='word_1_180' title='bbox 937 2187 1067 2286; x_wconf 78' lang='lat' dir='ltr'><strong>fallam,</strong></span> <span class='ocrx_word' id='word_1_181' title='bbox 1082 2188 1219 2288; x_wconf 90' lang='lat' dir='ltr'><strong>utplus</strong></span> <span class='ocrx_word' id='word_1_182' title='bbox 1236 2185 1279 2262; x_wconf 88' lang='lat' dir='ltr'><strong>ab</strong></span> <span class='ocrx_word' id='word_1_183' title='bbox 1293 2187 1352 2262; x_wconf 87' lang='lat' dir='ltr'><strong>illa</strong></span> <span class='ocrx_word' id='word_1_184' title='bbox 1368 2190 1520 2290; x_wconf 87' lang='lat' dir='ltr'><strong>ingenio</strong></span> <span class='ocrx_word' id='word_1_185' title='bbox 1532 2190 1872 2288; x_wconf 73' lang='lat' dir='ltr'><strong>meo‘contempla·</strong></span> 
     </span>
     <span class='ocr_line' id='line_1_19' title="bbox 202 2253 1870 2398; baseline -0.008 -21"><span class='ocrx_word' id='word_1_186' title='bbox 202 2287 314 2377; x_wconf 84' lang='lat' dir='ltr'><strong>tionis</strong></span> <span class='ocrx_word' id='word_1_187' title='bbox 326 2299 560 2396; x_wconf 74' lang='lat' dir='ltr'><strong>relinquatur.</strong></span> <span class='ocrx_word' id='word_1_188' title='bbox 608 2253 924 2398; x_wconf 72' lang='lat' dir='ltr'><strong>Quandoquidem</strong></span> <span class='ocrx_word' id='word_1_189' title='bbox 938 2289 1050 2389; x_wconf 85' lang='lat' dir='ltr'><strong>igitur</strong></span> <span class='ocrx_word' id='word_1_190' title='bbox 1064 2305 1137 2360; x_wconf 87' lang='lat' dir='ltr'><strong>tarn</strong></span> <span class='ocrx_word' id='word_1_191' title='bbox 1155 2285 1249 2360; x_wconf 87' lang='lat' dir='ltr'><strong>bene</strong></span> <span class='ocrx_word' id='word_1_192' title='bbox 1276 2285 1342 2360; x_wconf 91' lang='lat' dir='ltr'><strong>tibi</strong></span> <span class='ocrx_word' id='word_1_193' title='bbox 1358 2307 1527 2388; x_wconf 89' lang='lat' dir='ltr'><strong>tempora</strong></span> <span class='ocrx_word' id='word_1_194' title='bbox 1545 2289 1585 2363; x_wconf 91' lang='lat' dir='ltr'><strong>in</strong></span> <span class='ocrx_word' id='word_1_195' title='bbox 1601 2283 1727 2362; x_wconf 87' lang='lat' dir='ltr'><strong>studiis</strong></span> <span class='ocrx_word' id='word_1_196' title='bbox 1739 2286 1870 2388; x_wconf 75' lang='lat' dir='ltr'><strong>posita</strong></span> 
     </span>
     <span class='ocr_line' id='line_1_20' title="bbox 200 2384 1873 2502; baseline -0.009 -26"><span class='ocrx_word' id='word_1_197' title='bbox 200 2419 363 2502; x_wconf 75' lang='lat' dir='ltr'><strong>apparet,</strong></span> <span class='ocrx_word' id='word_1_198' title='bbox 378 2419 508 2474; x_wconf 87' lang='lat' dir='ltr'><strong>omnes</strong></span> <span class='ocrx_word' id='word_1_199' title='bbox 522 2417 605 2472; x_wconf 88' lang='lat' dir='ltr'><strong>tuos</strong></span> <span class='ocrx_word' id='word_1_200' title='bbox 618 2415 769 2490; x_wconf 88' lang='lat' dir='ltr'><strong>nervos,</strong></span> <span class='ocrx_word' id='word_1_201' title='bbox 788 2389 939 2491; x_wconf 81' lang='lat' dir='ltr'><strong>spitims,</strong></span> <span class='ocrx_word' id='word_1_202' title='bbox 963 2409 1115 2488; x_wconf 88' lang='lat' dir='ltr'><strong>operam</strong></span> <span class='ocrx_word' id='word_1_203' title='bbox 1138 2384 1435 2488; x_wconf 81' lang='lat' dir='ltr'><strong>diligentiamque</strong></span> <span class='ocrx_word' id='word_1_204' title='bbox 1456 2407 1607 2462; x_wconf 90' lang='lat' dir='ltr'><strong>omnem</strong></span> <span class='ocrx_word' id='word_1_205' title='bbox 1630 2388 1668 2461; x_wconf 94' lang='lat' dir='ltr'><strong>ln</strong></span> <span class='ocrx_word' id='word_1_206' title='bbox 1694 2386 1778 2461; x_wconf 84' lang='lat' dir='ltr'><strong>haec</strong></span> <span class='ocrx_word' id='word_1_207' title='bbox 1798 2387 1873 2462; x_wconf 92' lang='lat' dir='ltr'><strong>im-</strong></span> 
     </span>
    </p>
   </div>
   <div class='ocr_carea' id='block_1_6' title="bbox 200 2481 1869 2700">
    <p class='ocr_par' dir='ltr' id='par_1_7' title="bbox 200 2481 1869 2700">
     <span class='ocr_line' id='line_1_21' title="bbox 202 2481 1869 2660; baseline -0.007 -85"><span class='ocrx_word' id='word_1_208' title='bbox 202 2497 356 2605; x_wconf 86' lang='lat' dir='ltr'><strong>pendes,</strong></span> <span class='ocrx_word' id='word_1_209' title='bbox 370 2521 412 2574; x_wconf 91' lang='lat' dir='ltr'><strong>ut</strong></span> <span class='ocrx_word' id='word_1_210' title='bbox 429 2497 542 2598; x_wconf 84' lang='lat' dir='ltr'><strong>digna</strong></span> <span class='ocrx_word' id='word_1_211' title='bbox 555 2494 723 2570; x_wconf 88' lang='lat' dir='ltr'><strong>laborum</strong></span> <span class='ocrx_word' id='word_1_212' title='bbox 736 2512 885 2605; x_wconf 82' lang='lat' dir='ltr'><strong>tuorum</strong></span> <span class='ocrx_word' id='word_1_213' title='bbox 902 2487 1052 2588; x_wconf 86' lang='lat' dir='ltr'><strong>praemia</strong></span> <span class='ocrx_word' id='word_1_214' title='bbox 1071 2481 1266 2660; x_wconf 50' lang='lat' dir='ltr'><strong>alippuando</strong></span> <span class='ocrx_word' id='word_1_215' title='bbox 1289 2508 1470 2586; x_wconf 85' lang='lat' dir='ltr'><strong>reportes,</strong></span> <span class='ocrx_word' id='word_1_216' title='bbox 1492 2487 1530 2562; x_wconf 72' lang='grc' dir='ltr'><strong>ὅ(</strong></span> <span class='ocrx_word' id='word_1_217' title='bbox 1555 2485 1782 2589; x_wconf 83' lang='lat' dir='ltr'><strong>Reipublicae</strong></span> <span class='ocrx_word' id='word_1_218' title='bbox 1802 2487 1869 2564; x_wconf 87' lang='lat' dir='ltr'><strong>ad·</strong></span> 
     </span>
     <span class='ocr_line' id='line_1_22' title="bbox 200 2581 1561 2700; baseline -0.013 -24"><span class='ocrx_word' id='word_1_219' title='bbox 200 2595 442 2675; x_wconf 85' lang='lat' dir='ltr'><strong>ministrandae</strong></span> <span class='ocrx_word' id='word_1_220' title='bbox 456 2595 705 2700; x_wconf 88' lang='lat' dir='ltr'><strong>promtiorem</strong></span> <span class='ocrx_word' id='word_1_221' title='bbox 719 2585 912 2688; x_wconf 83' lang='lat' dir='ltr'><strong>altquando</strong></span> <span class='ocrx_word' id='word_1_222' title='bbox 928 2609 1074 2662; x_wconf 89' lang='lat' dir='ltr'><strong>manum</strong></span> <span class='ocrx_word' id='word_1_223' title='bbox 1096 2609 1116 2659; x_wconf 87' lang='lat' dir='ltr'><strong>a</strong></span> <span class='ocrx_word' id='word_1_224' title='bbox 1143 2583 1268 2660; x_wconf 75' lang='lat' dir='ltr'><strong>hibere</strong></span> <span class='ocrx_word' id='word_1_225' title='bbox 1284 2581 1409 2686; x_wconf 71' lang='lat' dir='ltr'><strong>possis.</strong></span> <span class='ocrx_word' id='word_1_226' title='bbox 1460 2586 1561 2662; x_wconf 72' lang='lat' dir='ltr'><strong>Vale:</strong></span> 
     </span>
    </p>
   </div>
   <div class='ocr_carea' id='block_1_7' title="bbox 140 2763 1653 2910">
    <p class='ocr_par' dir='ltr' id='par_1_8' title="bbox 140 2763 1653 2910">
     <span class='ocr_line' id='line_1_23' title="bbox 140 2763 1653 2910; baseline -0.009 -26"><span class='ocrx_word' id='word_1_227' title='bbox 140 2810 187 2884; x_wconf 79' lang='lat'><strong>32</strong></span> <span class='ocrx_word' id='word_1_228' title='bbox 509 2773 513 2780; x_wconf 74' lang='grc'><strong>’</strong></span> <span class='ocrx_word' id='word_1_229' title='bbox 634 2772 918 2878; x_wconf 84' lang='lat' dir='ltr'><strong>Laudatoria</strong></span> <span class='ocrx_word' id='word_1_230' title='bbox 942 2807 1000 2875; x_wconf 80' lang='lat' dir='ltr'><strong>ex</strong></span> <span class='ocrx_word' id='word_1_231' title='bbox 1017 2769 1151 2910; x_wconf 89' lang='lat' dir='ltr'><strong>Epist.</strong></span> <span class='ocrx_word' id='word_1_232' title='bbox 1172 2797 1233 2909; x_wconf 84' lang='lat'><strong>15.</strong></span> <span class='ocrx_word' id='word_1_233' title='bbox 1253 2763 1329 2872; x_wconf 91' lang='lat' dir='ltr'><strong>lib.</strong></span> <span class='ocrx_word' id='word_1_234' title='bbox 1346 2803 1398 2878; x_wconf 79' lang='grc' dir='ltr'><strong>Π.</strong></span> <span class='ocrx_word' id='word_1_235' title='bbox 1507 2899 1511 2905; x_wconf 20' lang='lat'><strong>¹</strong></span> <span class='ocrx_word' id='word_1_236' title='bbox 1649 2861 1653 2870; x_wconf 89' lang='lat'><strong>.</strong></span> 
     </span>
    </p>
   </div>
   <div class='ocr_carea' id='block_1_8' title="bbox 175 2943 1973 3848">
    <p class='ocr_par' dir='ltr' id='par_1_9' title="bbox 175 2943 1973 3848">
     <span class='ocr_line' id='line_1_24' title="bbox 295 2943 1866 3052; baseline 0.003 -28"><span class='ocrx_word' id='word_1_237' title='bbox 295 2949 404 3027; x_wconf 86' lang='lat' dir='ltr'><strong>Nihil</strong></span> <span class='ocrx_word' id='word_1_238' title='bbox 423 2971 484 3026; x_wconf 90' lang='lat' dir='ltr'><strong>me</strong></span> <span class='ocrx_word' id='word_1_239' title='bbox 500 2951 618 3052; x_wconf 87' lang='lat' dir='ltr'><strong>magis</strong></span> <span class='ocrx_word' id='word_1_240' title='bbox 632 2949 706 3024; x_wconf 89' lang='lat' dir='ltr'><strong>hoc</strong></span> <span class='ocrx_word' id='word_1_241' title='bbox 722 2969 892 3049; x_wconf 85' lang='lat' dir='ltr'><strong>tempore</strong></span> <span class='ocrx_word' id='word_1_242' title='bbox 917 2945 1070 3023; x_wconf 70' lang='lat' dir='ltr'><strong>deludat</strong></span> <span class='ocrx_word' id='word_1_243' title='bbox 1077 3007 1089 3046; x_wconf 95' lang='lat'><strong>,</strong></span> <span class='ocrx_word' id='word_1_244' title='bbox 1112 2969 1224 3046; x_wconf 88' lang='lat' dir='ltr'><strong>quam</strong></span> <span class='ocrx_word' id='word_1_245' title='bbox 1249 2943 1351 3043; x_wconf 91' lang='lat' dir='ltr'><strong>quod</strong></span> <span class='ocrx_word' id='word_1_246' title='bbox 1373 2943 1443 3021; x_wconf 90' lang='lat' dir='ltr'><strong>tuis</strong></span> <span class='ocrx_word' id='word_1_247' title='bbox 1461 2965 1730 3048; x_wconf 87' lang='lat' dir='ltr'><strong>nonnunquam</strong></span> <span class='ocrx_word' id='word_1_248' title='bbox 1746 2951 1866 3028; x_wconf 83' lang='lat' dir='ltr'><strong>literis</strong></span> 
     </span>
     <span class='ocr_line' id='line_1_25' title="bbox 199 3044 1864 3146; baseline 0.003 -23"><span class='ocrx_word' id='word_1_249' title='bbox 199 3049 367 3124; x_wconf 84' lang='lat' dir='ltr'><strong>animum</strong></span> <span class='ocrx_word' id='word_1_250' title='bbox 408 3045 499 3144; x_wconf 86' lang='lat' dir='ltr'><strong>asoo,</strong></span> <span class='ocrx_word' id='word_1_251' title='bbox 512 3067 599 3145; x_wconf 76' lang='lat' dir='ltr'><strong>‘quae</strong></span> <span class='ocrx_word' id='word_1_252' title='bbox 614 3075 664 3122; x_wconf 87' lang='lat' dir='ltr'><strong>nu</strong></span> <span class='ocrx_word' id='word_1_253' title='bbox 695 3071 773 3124; x_wconf 91' lang='lat' dir='ltr'><strong>ero</strong></span> <span class='ocrx_word' id='word_1_254' title='bbox 803 3069 946 3123; x_wconf 84' lang='lat' dir='ltr'><strong>ottunae</strong></span> <span class='ocrx_word' id='word_1_255' title='bbox 961 3068 1153 3144; x_wconf 89' lang='lat' dir='ltr'><strong>venerunt,</strong></span> <span class='ocrx_word' id='word_1_256' title='bbox 1165 3045 1202 3122; x_wconf 80' lang='lat' dir='ltr'><strong>dt</strong></span> <span class='ocrx_word' id='word_1_257' title='bbox 1220 3044 1310 3146; x_wconf 89' lang='lat' dir='ltr'><strong>quid</strong></span> <span class='ocrx_word' id='word_1_258' title='bbox 1324 3047 1363 3120; x_wconf 88' lang='lat' dir='ltr'><strong>in</strong></span> <span class='ocrx_word' id='word_1_259' title='bbox 1377 3045 1489 3124; x_wconf 79' lang='lat' dir='ltr'><strong>literis</strong></span> <span class='ocrx_word' id='word_1_260' title='bbox 1506 3071 1605 3122; x_wconf 90' lang='lat' dir='ltr'><strong>nunc</strong></span> <span class='ocrx_word' id='word_1_261' title='bbox 1620 3051 1864 3128; x_wconf 86' lang='lat' dir='ltr'><strong>moliarisno·</strong></span> 
     </span>
     <span class='ocr_line' id='line_1_26' title="bbox 201 3071 1861 3252; baseline 0.003 -30"><span class='ocrx_word' id='word_1_262' title='bbox 201 3149 253 3244; x_wconf 89' lang='lat' dir='ltr'><strong>vi,</strong></span> <span class='ocrx_word' id='word_1_263' title='bbox 271 3073 527 3248; x_wconf 71' lang='lat' dir='ltr'><strong>fignifidarunt.</strong></span> <span class='ocrx_word' id='word_1_264' title='bbox 576 3071 847 3252; x_wconf 72' lang='lat' dir='ltr'><strong>Qtidegolric</strong></span> <span class='ocrx_word' id='word_1_265' title='bbox 861 3150 899 3221; x_wconf 91' lang='lat' dir='ltr'><strong>in</strong></span> <span class='ocrx_word' id='word_1_266' title='bbox 916 3169 952 3221; x_wconf 89' lang='lat' dir='ltr'><strong>te</strong></span> <span class='ocrx_word' id='word_1_267' title='bbox 965 3141 1138 3220; x_wconf 86' lang='lat' dir='ltr'><strong>laudem?</strong></span> <span class='ocrx_word' id='word_1_268' title='bbox 1160 3165 1207 3222; x_wconf 84' lang='lat' dir='ltr'><strong>an</strong></span> <span class='ocrx_word' id='word_1_269' title='bbox 1219 3139 1410 3220; x_wconf 89' lang='lat' dir='ltr'><strong>officium?</strong></span> <span class='ocrx_word' id='word_1_270' title='bbox 1435 3169 1483 3220; x_wconf 88' lang='lat' dir='ltr'><strong>an</strong></span> <span class='ocrx_word' id='word_1_271' title='bbox 1500 3145 1721 3248; x_wconf 86' lang='lat' dir='ltr'><strong>propensam</strong></span> <span class='ocrx_word' id='word_1_272' title='bbox 1740 3155 1780 3224; x_wconf 88' lang='lat' dir='ltr'><strong>in</strong></span> <span class='ocrx_word' id='word_1_273' title='bbox 1794 3176 1861 3227; x_wconf 89' lang='lat' dir='ltr'><strong>me</strong></span> 
     </span>
     <span class='ocr_line' id='line_1_27' title="bbox 175 3240 1973 3352; baseline 0.002 -30"><span class='ocrx_word' id='word_1_274' title='bbox 175 3256 181 3278; x_wconf 79' lang='lat'>¹</span> <span class='ocrx_word' id='word_1_275' title='bbox 201 3240 456 3322; x_wconf 82' lang='lat' dir='ltr'><strong>voluntatem?</strong></span> <span class='ocrx_word' id='word_1_276' title='bbox 480 3269 526 3321; x_wconf 89' lang='lat' dir='ltr'><strong>an</strong></span> <span class='ocrx_word' id='word_1_277' title='bbox 542 3244 711 3321; x_wconf 86' lang='lat' dir='ltr'><strong>divinum</strong></span> <span class='ocrx_word' id='word_1_278' title='bbox 729 3247 832 3321; x_wconf 90' lang='lat' dir='ltr'><strong>tuum</strong></span> <span class='ocrx_word' id='word_1_279' title='bbox 844 3247 1046 3352; x_wconf 83' lang='lat' dir='ltr'><strong>ingenium,</strong></span> <span class='ocrx_word' id='word_1_280' title='bbox 1058 3244 1161 3351; x_wconf 89' lang='lat' dir='ltr'><strong>quod</strong></span> <span class='ocrx_word' id='word_1_281' title='bbox 1178 3267 1236 3321; x_wconf 92' lang='lat' dir='ltr'><strong>tot</strong></span> <span class='ocrx_word' id='word_1_282' title='bbox 1251 3269 1366 3322; x_wconf 88' lang='lat' dir='ltr'><strong>novas</strong></span> <span class='ocrx_word' id='word_1_283' title='bbox 1381 3241 1526 3322; x_wconf 90' lang='lat' dir='ltr'><strong>erudito</strong></span> <span class='ocrx_word' id='word_1_284' title='bbox 1539 3245 1626 3322; x_wconf 84' lang='lat' dir='ltr'><strong>&#39;orbi</strong></span> <span class='ocrx_word' id='word_1_285' title='bbox 1641 3245 1788 3326; x_wconf 83' lang='lat' dir='ltr'><strong>delicias</strong></span> <span class='ocrx_word' id='word_1_286' title='bbox 1797 3273 1862 3325; x_wconf 84' lang='lat' dir='ltr'><strong>ex-</strong></span> <span class='ocrx_word' id='word_1_287' title='bbox 1972 3281 1973 3289; x_wconf 48' lang='lat'>¹</span> 
     </span>
     <span class='ocr_line' id='line_1_28' title="bbox 202 3341 1862 3450; baseline 0.004 -28"><span class='ocrx_word' id='word_1_288' title='bbox 202 3341 419 3422; x_wconf 73' lang='lat' dir='ltr'><strong>tundiriun</strong></span> <span class='ocrx_word' id='word_1_289' title='bbox 442 3343 526 3422; x_wconf 90' lang='lat' dir='ltr'><strong>deni</strong></span> <span class='ocrx_word' id='word_1_290' title='bbox 553 3372 599 3422; x_wconf 92' lang='lat' dir='ltr'><strong>ue</strong></span> <span class='ocrx_word' id='word_1_291' title='bbox 621 3345 718 3450; x_wconf 75' lang='lat' dir='ltr'><strong>ipso&#39;s</strong></span> <span class='ocrx_word' id='word_1_292' title='bbox 744 3347 826 3422; x_wconf 86' lang='lat' dir='ltr'><strong>illos</strong></span> <span class='ocrx_word' id='word_1_293' title='bbox 851 3347 990 3450; x_wconf 82' lang='lat' dir='ltr'><strong>ingenii</strong></span> <span class='ocrx_word' id='word_1_294' title='bbox 1011 3343 1135 3448; x_wconf 78' lang='lat' dir='ltr'><strong>faetus,</strong></span> <span class='ocrx_word' id='word_1_295' title='bbox 1158 3343 1300 3422; x_wconf 75' lang='lat' dir='ltr'><strong>assiduo</strong></span> <span class='ocrx_word' id='word_1_296' title='bbox 1316 3345 1441 3425; x_wconf 90' lang='lat' dir='ltr'><strong>labore</strong></span> <span class='ocrx_word' id='word_1_297' title='bbox 1455 3345 1675 3450; x_wconf 80' lang='lat' dir='ltr'><strong>perpolitus,</strong></span> <span class='ocrx_word' id='word_1_298' title='bbox 1691 3375 1802 3450; x_wconf 84' lang='lat' dir='ltr'><strong>quos,</strong></span> <span class='ocrx_word' id='word_1_299' title='bbox 1816 3373 1862 3428; x_wconf 93' lang='lat' dir='ltr'><strong>ut</strong></span> 
     </span>
     <span class='ocr_line' id='line_1_29' title="bbox 199 3371 1860 3550; baseline 0.004 -30"><span class='ocrx_word' id='word_1_300' title='bbox 199 3444 341 3530; x_wconf 82' lang='lat' dir='ltr'><strong>Phidiae</strong></span> <span class='ocrx_word' id='word_1_301' title='bbox 364 3371 652 3548; x_wconf 72' lang='lat' dir='ltr'><strong>fignum,llatim</strong></span> <span class='ocrx_word' id='word_1_302' title='bbox 691 3447 754 3529; x_wconf 87' lang='lat' dir='ltr'><strong>ubi</strong></span> <span class='ocrx_word' id='word_1_303' title='bbox 768 3443 982 3550; x_wconf 84' lang='lat' dir='ltr'><strong>aspexerint,</strong></span> <span class='ocrx_word' id='word_1_304' title='bbox 1001 3445 1163 3549; x_wconf 91' lang='lat' dir='ltr'><strong>probant</strong></span> <span class='ocrx_word' id='word_1_305' title='bbox 1183 3447 1256 3523; x_wconf 87' lang='lat' dir='ltr'><strong>viri</strong></span> <span class='ocrx_word' id='word_1_306' title='bbox 1274 3443 1405 3521; x_wconf 73' lang='lat' dir='ltr'><strong>dotti?</strong></span> <span class='ocrx_word' id='word_1_307' title='bbox 1431 3469 1543 3544; x_wconf 85' lang='lat' dir='ltr'><strong>quare</strong></span> <span class='ocrx_word' id='word_1_308' title='bbox 1566 3443 1655 3522; x_wconf 89' lang='lat' dir='ltr'><strong>nihil</strong></span> <span class='ocrx_word' id='word_1_309' title='bbox 1676 3450 1754 3548; x_wconf 90' lang='lat' dir='ltr'><strong>jam</strong></span> <span class='ocrx_word' id='word_1_310' title='bbox 1781 3473 1860 3526; x_wconf 89' lang='lat' dir='ltr'><strong>am·</strong></span> 
     </span>
     <span class='ocr_line' id='line_1_30' title="bbox 198 3543 1972 3648; baseline 0.006 -30"><span class='ocrx_word' id='word_1_311' title='bbox 198 3545 307 3646; x_wconf 88' lang='lat' dir='ltr'><strong>plius,</strong></span> <span class='ocrx_word' id='word_1_312' title='bbox 325 3543 428 3644; x_wconf 92' lang='lat' dir='ltr'><strong>quod</strong></span> <span class='ocrx_word' id='word_1_313' title='bbox 445 3543 643 3646; x_wconf 87' lang='lat' dir='ltr'><strong>scn’bam,e</strong></span> <span class='ocrx_word' id='word_1_314' title='bbox 675 3545 764 3646; x_wconf 86' lang='lat' dir='ltr'><strong>,nili</strong></span> <span class='ocrx_word' id='word_1_315' title='bbox 778 3570 819 3622; x_wconf 92' lang='lat' dir='ltr'><strong>ut</strong></span> <span class='ocrx_word' id='word_1_316' title='bbox 833 3551 991 3624; x_wconf 87' lang='lat' dir='ltr'><strong>currenti</strong></span> <span class='ocrx_word' id='word_1_317' title='bbox 1010 3545 1174 3622; x_wconf 88' lang='lat' dir='ltr'><strong>stimulos</strong></span> <span class='ocrx_word' id='word_1_318' title='bbox 1197 3569 1319 3622; x_wconf 88' lang='lat' dir='ltr'><strong>novos</strong></span> <span class='ocrx_word' id='word_1_319' title='bbox 1342 3543 1484 3644; x_wconf 88' lang='lat' dir='ltr'><strong>addam,</strong></span> <span class='ocrx_word' id='word_1_320' title='bbox 1508 3567 1618 3646; x_wconf 91' lang='lat' dir='ltr'><strong>teque</strong></span> <span class='ocrx_word' id='word_1_321' title='bbox 1646 3547 1792 3648; x_wconf 90' lang='lat' dir='ltr'><strong>horter,</strong></span> <span class='ocrx_word' id='word_1_322' title='bbox 1812 3571 1858 3627; x_wconf 89' lang='lat' dir='ltr'><strong>ut</strong></span> <span class='ocrx_word' id='word_1_323' title='bbox 1971 3597 1972 3606; x_wconf 60' lang='lat'><strong>.</strong></span> 
     </span>
     <span class='ocr_line' id='line_1_31' title="bbox 199 3641 1858 3754; baseline 0.005 -35"><span class='ocrx_word' id='word_1_324' title='bbox 199 3643 329 3728; x_wconf 85' lang='lat' dir='ltr'><strong>orbem</strong></span> <span class='ocrx_word' id='word_1_325' title='bbox 347 3641 530 3719; x_wconf 89' lang='lat' dir='ltr'><strong>eruditum</strong></span> <span class='ocrx_word' id='word_1_326' title='bbox 545 3645 816 3750; x_wconf 85' lang='lat' dir='ltr'><strong>porroscriptis</strong></span> <span class='ocrx_word' id='word_1_327' title='bbox 832 3647 902 3723; x_wconf 88' lang='lat' dir='ltr'><strong>tuis</strong></span> <span class='ocrx_word' id='word_1_328' title='bbox 916 3643 1251 3722; x_wconf 75' lang='lat' dir='ltr'><strong>doeusfimisbeare</strong></span> <span class='ocrx_word' id='word_1_329' title='bbox 1269 3645 1378 3738; x_wconf 84' lang='lat' dir='ltr'><strong>velis;</strong></span> <span class='ocrx_word' id='word_1_330' title='bbox 1405 3669 1500 3744; x_wconf 91' lang='lat' dir='ltr'><strong>quos</strong></span> <span class='ocrx_word' id='word_1_331' title='bbox 1522 3646 1569 3721; x_wconf 87' lang='lat' dir='ltr'><strong>ita</strong></span> <span class='ocrx_word' id='word_1_332' title='bbox 1595 3645 1703 3724; x_wconf 88' lang='lat' dir='ltr'><strong>avide</strong></span> <span class='ocrx_word' id='word_1_333' title='bbox 1728 3649 1858 3754; x_wconf 80' lang='lat' dir='ltr'><strong>exspe-</strong></span> 
     </span>
     <span class='ocr_line' id='line_1_32' title="bbox 197 3741 1649 3848; baseline -0.001 -26"><span class='ocrx_word' id='word_1_334' title='bbox 197 3741 294 3822; x_wconf 74' lang='lat' dir='ltr'><strong>eunt</strong></span> <span class='ocrx_word' id='word_1_335' title='bbox 308 3767 450 3847; x_wconf 78' lang='lat' dir='ltr'><strong>orrares,</strong></span> <span class='ocrx_word' id='word_1_336' title='bbox 464 3765 503 3820; x_wconf 93' lang='lat' dir='ltr'><strong>ut</strong></span> <span class='ocrx_word' id='word_1_337' title='bbox 518 3748 582 3844; x_wconf 93' lang='lat' dir='ltr'><strong>qui</strong></span> <span class='ocrx_word' id='word_1_338' title='bbox 597 3744 804 3823; x_wconf 89' lang='lat' dir='ltr'><strong>diuturnam</strong></span> <span class='ocrx_word' id='word_1_339' title='bbox 824 3741 974 3848; x_wconf 83' lang='lat' dir='ltr'><strong>explere</strong></span> <span class='ocrx_word' id='word_1_340' title='bbox 990 3743 1085 3823; x_wconf 88' lang='lat' dir='ltr'><strong>fitim</strong></span> <span class='ocrx_word' id='word_1_341' title='bbox 1105 3745 1265 3848; x_wconf 88' lang='lat' dir='ltr'><strong>cupiunt.</strong></span> <span class='ocrx_word' id='word_1_342' title='bbox 1311 3743 1407 3821; x_wconf 82' lang='lat' dir='ltr'><strong>-Vale</strong></span> <span class='ocrx_word' id='word_1_343' title='bbox 1424 3745 1463 3822; x_wconf 81' lang='lat' dir='ltr'><strong>dt</strong></span> <span class='ocrx_word' id='word_1_344' title='bbox 1476 3743 1545 3823; x_wconf 77' lang='lat' dir='ltr'><strong>nos</strong></span> <span class='ocrx_word' id='word_1_345' title='bbox 1561 3757 1649 3822; x_wconf 85' lang='lat' dir='ltr'><strong>ama.</strong></span> 
     </span>
    </p>
   </div>
   <div class='ocr_carea' id='block_1_9' title="bbox 68 3871 1636 4074">
    <p class='ocr_par' dir='ltr' id='par_1_10' title="bbox 68 3871 1636 4100">
     <span class='ocr_line' id='line_1_33' title="bbox 68 3871 1636 4074; baseline 0.001 -43"><span class='ocrx_word' id='word_1_346' title='bbox 68 3995 74 4010; x_wconf 90' lang='lat'><strong>·</strong></span> <span class='ocrx_word' id='word_1_347' title='bbox 136 3958 180 4032; x_wconf 79' lang='lat'><strong>33</strong></span> <span class='ocrx_word' id='word_1_348' title='bbox 406 3928 772 4070; x_wconf 85' lang='lat' dir='ltr'><strong>Reprehensoria</strong></span> <span class='ocrx_word' id='word_1_349' title='bbox 787 3967 846 4036; x_wconf 87' lang='lat' dir='ltr'><strong>ex</strong></span> <span class='ocrx_word' id='word_1_350' title='bbox 869 3929 1086 4074; x_wconf 86' lang='lat' dir='ltr'><strong>Ep1st17.</strong></span> <span class='ocrx_word' id='word_1_351' title='bbox 1102 3924 1178 4034; x_wconf 89' lang='lat' dir='ltr'><strong>lib.</strong></span> <span class='ocrx_word' id='word_1_352' title='bbox 1196 3931 1266 4038; x_wconf 84' lang='lat'><strong>16.</strong></span> <span class='ocrx_word' id='word_1_353' title='bbox 1283 3931 1385 4054; x_wconf 80' lang='lat' dir='ltr'><strong>cic.</strong></span> <span class='ocrx_word' id='word_1_354' title='bbox 1405 3928 1462 4035; x_wconf 77' lang='lat' dir='ltr'><strong>a‘d</strong></span> <span class='ocrx_word' id='word_1_355' title='bbox 1478 3871 1636 4037; x_wconf 74' lang='lat' dir='ltr'><strong>lamii.</strong></span> 
     </span>
    </p>
   </div>
   <div class='ocr_carea' id='block_1_10' title="bbox 162 4071 1970 4716">
    <p class='ocr_par' dir='ltr' id='par_1_11' title="bbox 162 4071 1970 4716">
     <span class='ocr_line' id='line_1_34' title="bbox 290 4071 1854 4219; baseline 0.003 -41"><span class='ocrx_word' id='word_1_356' title='bbox 290 4101 368 4216; x_wconf 61' lang='lat' dir='ltr'><strong>Vix</strong></span> <span class='ocrx_word' id='word_1_357' title='bbox 381 4104 496 4195; x_wconf 88' lang='lat' dir='ltr'><strong>oculis</strong></span> <span class='ocrx_word' id='word_1_358' title='bbox 511 4104 602 4180; x_wconf 89' lang='lat' dir='ltr'><strong>meis</strong></span> <span class='ocrx_word' id='word_1_359' title='bbox 621 4103 770 4182; x_wconf 87' lang='lat' dir='ltr'><strong>credere</strong></span> <span class='ocrx_word' id='word_1_360' title='bbox 783 4104 903 4206; x_wconf 89' lang='lat' dir='ltr'><strong>po&#39;tui,</strong></span> <span class='ocrx_word' id='word_1_361' title='bbox 916 4129 1000 4180; x_wconf 89' lang='lat' dir='ltr'><strong>cum</strong></span> <span class='ocrx_word' id='word_1_362' title='bbox 1010 4105 1050 4181; x_wconf 91' lang='lat' dir='ltr'><strong>in</strong></span> <span class='ocrx_word' id='word_1_363' title='bbox 1063 4124 1134 4202; x_wconf 86' lang='lat' dir='ltr'><strong>tua,</strong></span> <span class='ocrx_word' id='word_1_364' title='bbox 1151 4127 1262 4219; x_wconf 81' lang='lat' dir='ltr'><strong>quam</strong></span> <span class='ocrx_word' id='word_1_365' title='bbox 1277 4105 1371 4182; x_wconf 89' lang='lat' dir='ltr'><strong>mihi</strong></span> <span class='ocrx_word' id='word_1_366' title='bbox 1382 4103 1488 4182; x_wconf 85' lang='lat' dir='ltr'><strong>inseri</strong></span> <span class='ocrx_word' id='word_1_367' title='bbox 1515 4102 1621 4202; x_wconf 86' lang='lat' dir='ltr'><strong>setas,</strong></span> <span class='ocrx_word' id='word_1_368' title='bbox 1636 4071 1854 4182; x_wconf 75' lang='lat' dir='ltr'><strong>dissertatio-</strong></span> 
     </span>
     <span class='ocr_line' id='line_1_35' title="bbox 196 4200 1970 4380; baseline 0.001 -102"><span class='ocrx_word' id='word_1_369' title='bbox 196 4221 246 4278; x_wconf 84' lang='lat' dir='ltr'><strong>ne</strong></span> <span class='ocrx_word' id='word_1_370' title='bbox 261 4200 377 4300; x_wconf 75' lang='lat' dir='ltr'><strong>aliqua</strong></span> <span class='ocrx_word' id='word_1_371' title='bbox 397 4201 635 4320; x_wconf 85' lang='lat' dir='ltr'><strong>offenderem,</strong></span> <span class='ocrx_word' id='word_1_372' title='bbox 677 4231 733 4321; x_wconf 66' lang='lat' dir='ltr'><strong>¹¹.ae</strong></span> <span class='ocrx_word' id='word_1_373' title='bbox 747 4203 1293 4320; x_wconf 69' lang='lat' dir='ltr'><strong>nonemoprompmarto,sed</strong></span> <span class='ocrx_word' id='word_1_374' title='bbox 1307 4204 1464 4318; x_wconf 83' lang='lat' dir='ltr'><strong>aliunde,</strong></span> <span class='ocrx_word' id='word_1_375' title='bbox 1497 4201 1854 4380; x_wconf 58' lang='lat' dir='ltr'><strong>duppmvideban·</strong></span> <span class='ocrx_word' id='word_1_376' title='bbox 1917 4214 1923 4223; x_wconf 89' lang='lat'>&#39;</span> <span class='ocrx_word' id='word_1_377' title='bbox 1969 4277 1970 4332; x_wconf 21' lang='grc' dir='ltr'>ζ</span> 
     </span>
     <span class='ocr_line' id='line_1_36' title="bbox 192 4296 1849 4404; baseline 0.002 -30"><span class='ocrx_word' id='word_1_378' title='bbox 192 4320 264 4375; x_wconf 88' lang='lat' dir='ltr'><strong>tur.</strong></span> <span class='ocrx_word' id='word_1_379' title='bbox 313 4300 441 4378; x_wconf 89' lang='lat' dir='ltr'><strong>Laudo</strong></span> <span class='ocrx_word' id='word_1_380' title='bbox 454 4296 642 4402; x_wconf 85' lang='lat' dir='ltr'><strong>qurdemo</strong></span> <span class='ocrx_word' id='word_1_381' title='bbox 684 4331 778 4382; x_wconf 85' lang='lat' dir='ltr'><strong>ctam</strong></span> <span class='ocrx_word' id='word_1_382' title='bbox 806 4327 915 4403; x_wconf 88' lang='lat' dir='ltr'><strong>atque</strong></span> <span class='ocrx_word' id='word_1_383' title='bbox 928 4329 975 4381; x_wconf 90' lang='lat' dir='ltr'><strong>eo</strong></span> <span class='ocrx_word' id='word_1_384' title='bbox 988 4329 1049 4380; x_wconf 92' lang='lat' dir='ltr'><strong>me</strong></span> <span class='ocrx_word' id='word_1_385' title='bbox 1062 4328 1213 4388; x_wconf 84' lang='lat' dir='ltr'><strong>nomme</strong></span> <span class='ocrx_word' id='word_1_386' title='bbox 1230 4305 1296 4384; x_wconf 87' lang='lat' dir='ltr'><strong>nbr</strong></span> <span class='ocrx_word' id='word_1_387' title='bbox 1312 4299 1528 4380; x_wconf 72' lang='lat' dir='ltr'><strong>obstrtlium</strong></span> <span class='ocrx_word' id='word_1_388' title='bbox 1552 4329 1572 4382; x_wconf 85' lang='lat' dir='ltr'><strong>e</strong></span> <span class='ocrx_word' id='word_1_389' title='bbox 1599 4325 1620 4378; x_wconf 91' lang='lat' dir='ltr'><strong>e</strong></span> <span class='ocrx_word' id='word_1_390' title='bbox 1642 4300 1849 4404; x_wconf 86' lang='lat' dir='ltr'><strong>profiteor;</strong></span> 
     </span>
     <span class='ocr_line' id='line_1_37' title="bbox 191 4365 1849 4609; baseline 0.004 -36"><span class='ocrx_word' id='word_1_391' title='bbox 191 4365 1849 4609; x_wconf 54' lang='lat' dir='ltr'><strong>...n1...tatalanarum}attulerunt.-</strong></span> 
     </span>
     <span class='ocr_line' id='line_1_38' title="bbox 162 4601 1969 4716; baseline 0.006 -39"><span class='ocrx_word' id='word_1_392' title='bbox 162 4605 168 4614; x_wconf 78' lang='grc'><strong>”</strong></span> <span class='ocrx_word' id='word_1_393' title='bbox 423 4619 426 4624; x_wconf 88' lang='grc'><strong><em>·</em></strong></span> <span class='ocrx_word' id='word_1_394' title='bbox 659 4694 663 4704; x_wconf 67' lang='lat'><strong>.</strong></span> <span class='ocrx_word' id='word_1_395' title='bbox 1593 4706 1599 4716; x_wconf 24' lang='grc' dir='ltr'>ι</span> <span class='ocrx_word' id='word_1_396' title='bbox 1701 4601 1846 4708; x_wconf 75' lang='lat' dir='ltr'><strong>praedae</strong></span> <span class='ocrx_word' id='word_1_397' title='bbox 1968 4635 1969 4687; x_wconf 75' lang='lat'>1</span> 
     </span>
    </p>
   </div>
   <div class='ocr_carea' id='block_1_11' title="bbox 0 0 1980 5236">
    <p class='ocr_par' dir='ltr' id='par_1_12' title="bbox 0 0 1980 5236">
     <span class='ocr_line' id='line_1_39' title="bbox 0 0 1980 5236; baseline 0 1"><span class='ocrx_word' id='word_1_398' title='bbox 0 0 1980 5236; x_wconf 95' lang='lat' dir='ltr'><strong> </strong></span> 
     </span>
    </p>
   </div>
  </div>
 </body>
</html>
