3984 5234
237 335 240 340 ,
626 259 703 360 Cap.
721 251 804 335 VII.
844 252 903 334 De
923 250 1239 350 meriadiavariis.
1350 291 1355 306 =
1679 213 1752 366 '395'
1814 274 1818 286 ⁴

95 377 235 524 Quonam
252 391 437 502 'avaram
458 421 600 498 habemus
621 423 772 528 proseffos
790 425 884 526 sulffi'
907 389 1148 530 Pytbagoraos,
1182 451 1219 503 ar
1249 455 1309 502 aon
1332 430 1460 533 passeris
1494 431 1659 533 traaidtffe,
1682 435 1748 536 fior

93 529 279 614 exaltatione
294 527 394 622 sama
410 521 490 623 stra,
515 526 581 622 five
609 536 717 628 potius
744 535 941 600 vernatione
974 529 1130 615 dosirina,
1164 556 1259 634 quam
1289 551 1439 632 tanqttam
1454 531 1552 632 fitprr
1574 533 1748 609 humama-

95 645 156 697 tou
181 623 436 720 excelleremus
461 627 528 698 aliis
555 625 759 697 huntaniraris
775 626 886 722 [ludas
910 625 1067 730 conſsrant
1082 629 1298 732 separandam.
1373 633 1471 730 Qod
1494 651 1598 704 tamen
1628 635 1747 708 dahac

86 735 223 797 rimatur
247 745 343 795 autor
359 719 531 826 scripturis
554 725 751 824 consignavit,
788 726 924 798 nondam
945 729 1068 829 prodiit
1093 737 1125 800 a'n
1150 731 1269 815 laccm3
1294 729 1470 802 andecam
1494 731 1600 832 aliqua
1623 729 1662 804 ab
1685 734 1749 837 ipſsa

94 846 184 896 arara
205 827 351 924 sagittatur
373 829 405 894 ia
432 823 488 893 hoc
513 821 591 894 libro
611 845 672 925 pro
682 827 798 920 fulcro
824 827 944 926 aliquot
967 825 1113 924 fiatfiuam
1129 829 1280 928 ficorum,
1305 835 1428 931 poterit
1453 831 1549 902 lassor
1573 833 1625 902 orl
1647 843 1690 904 eir
1707 833 1748 928 fi·

96 925 162 998 dem
186 930 355 1024 impartiri,
379 925 430 994 orl
454 931 630 1023 preterire,
652 923 811 1022 judiciove
835 923 895 1022 fito
921 923 1058 1028 probare
1092 927 1314 1032 reprobarem,
1347 929 1423 1004 aaa
1448 937 1610 1030 unicuiqae
1634 932 1750 1016 ionia

95 1021 245 1126 quodlibet
262 1021 321 1122 sabi
345 1031 465 1126 opinari
487 1024 569 1095 licet.

191 1217 252 1328 Ab
266 1221 335 1300 hnc
354 1219 694 1328 pythagoraeorum
720 1221 1005 1328 philosophandi
1027 1227 1168 1304 ratione
1189 1253 1268 1308 non
1289 1229 1402 1308 aliena
1424 1227 1481 1307 illa
1504 1225 1744 1332 Chinenfium
1764 1259 1805 1335 51

19 1391 20 1402 n
98 1323 249 1422 videntr,
272 1325 336 1422 qui
358 1349 427 1426 per
438 1325 547 1400 lineas
562 1346 663 1400 certo
683 1323 800 1400 modo
820 1323 992 1427 figuratas
1010 1353 1087 1402 non
1100 1327 1251 1430 physica
1267 1333 1419 1429 tantum,
1436 1330 1496 1406 sed
1522 1332 1560 1408 dt
1582 1337 1745 1436 moralia,

98 1424 241 1526 politica
257 1425 296 1502 br
314 1426 482 1500 omnium
496 1419 817 1524 superstitiosarum
833 1427 965 1500 artium
979 1429 1168 1530 principia,
1185 1431 1370 1529 complexi
1384 1427 1482 1516 sunt,
1506 1453 1602 1507 certa
1623 1433 1660 1510 dt
1682 1436 1747 1510 im·

100 1545 190 1598 mota
204 1521 323 1622 aliqua
337 1521 436 1622 serie,
476 1524 514 1598 in
537 1524 698 1598 numeris
713 1544 835 1598 tamen
855 1523 1220 1628 &proportionibus
1241 1525 1395 1605 fundata.
1467 1529 1666 1644 Proposuit
1690 1533 1746 1610 illa

100 1623 395 1699 Manrrnus
446 1621 765 1698 Manrrurus
815 1623 1746 1744 inllr'flariaSiamfilibrat.&nun'cexrpsrsCon·

101 1719 175 1798 surii
197 1720 364 1816 sontibus
384 1724 462 1798 eam'
477 1717 683 1798 dostrinam
698 1723 736 1796 in
748 1721 902 1824 Europa
912 1723 1004 1821 jussu
1021 1723 1133 1828 Regis
1150 1725 1277 1802 Galliae
1300 1748 1458 1826 quatuor
1482 1725 1670 1806 Societatis
1691 1729 1747 1825 Je·
1816 1742 1822 1760 ’

102 1819 134 1896 su
153 1822 278 1898 Patres
301 1824 397 1912 Ann,
430 1829 533 1918 1687.
557 1820 796 1924 publicarunt.
845 1821 1023 1898 Videatur
1059 1827 1199 1920 Confuca'a‘
1219 1827 1301 1923 istius
1342 1819 1530 1902 Proaraialr's
1566 1819 1765 1904 declaratos
1801 1871 1806 1884 ·

19 1927 20 2014 ᾖ
102 1923 179 1994 Part.
196 1949 214 1998 t.
239 1924 475 2024 paragrapho.
508 1923 548 1983 ·*
566 1919 751 2016 Omnium
764 1945 887 1997 rerum
902 1920 1039 2024 duplex
1059 1924 1237 2001 materiale
1262 1919 1501 2022 constimunt;
1525 1923 1747 2044 Perfel‘tum,
1766 1951 1808 2026 52
1891 1983 1892 1988 ,
1968 1941 1969 1948 ’

19 2025 21 2096 l
103 2021 191 2120 quod
208 2043 343 2098 notant
358 2025 450 2096 linea
462 2021 573 2126 longa
593 2023 763 2096 continua
771 2047 782 2114 3
805 2021 1079 2122 imperfest'um,
1106 2021 1210 2121 quod
1230 2025 1324 2100 linea
1348 2027 1551 2130 interrupta
1577 2031 1749 2128 exprimi·

102 2143 258 2221 tunquae
276 2145 321 2196 ex
335 2119 695 2222 Chaoproveniunt,
717 2121 750 2218 (a
779 2120 884 2196 nosce
902 2119 962 2195 hic
984 2120 1143 2197 formam
1165 2123 1203 2200 ἃ
1227 2125 1451 2225 materiam.)
1500 2125 1594 2202 Haec
1617 2127 1750 2228 princi-

127 2222 241 2298 iotum
263 2219 363 2320 quasi
379 2219 454 2296 duo
470 2223 578 2295 maria
592 2221 629 2294 in
644 2221 711 2294 alia
732 2145 807 2295 <dio
826 2221 969 2296 minora
992 2219 1103 2296 divisa
1119 2248 1203 2298 cum
1226 2222 1351 2300 eadem
1374 2223 1573 2302 secretione
1595 2223 1749 2326 perfeeii

105 2247 137 2397 d
155 2320 373 2424 impersesii,
388 2343 470 2418 quac
492 2318 589 2416 quasi
601 2329 761 2420 'quatuor
776 2321 959 2395 elementa¹
970 2317 1060 2396 sunt.
1133 2321 1191 2398 Ex
1216 2323 1273 2400 his
1296 2347 1415 2426 porro
1433 2323 1520 2401 osio
1535 2327 1615 2426 pari
1629 2325 1746 2404 modo

106 2419 201 2496 divisa
216 2421 387 2518 extitere,
403 2419 491 2494 osio
509 2417 626 2493 abiere
642 2418 859 2518 insederim,
874 2419 932 2492 illa
954 2423 991 2494 in
1016 2445 1070 2508 32·
1095 2419 1175 2496 hac
1199 2424 1238 2496 in
1262 2436 1318 2514 64.
1343 2425 1380 2498 ὃ(
1403 2421 1549 2500 tandem
1573 2425 1613 2499 in
1635 2425 1748 2504 multa

19 2583 20 2602 ,
107 2524 229 2597 minuta
244 2519 345 2620 quasi
361 2517 507 2594 fluentia
522 2519 746 2634 rivulosque,
765 2516 901 2594 servata
914 2517 1057 2634 semper
1071 2522 1202 2620 primae
1223 2519 1482 2619 divisionisque
1511 2547 1618 2622 atque
1641 2523 1750 2600 secre-

107 2621 201 2697 tionis
216 2644 362 2698 norma.
409 2619 471 2693 Illa
487 2615 562 2722 duo
588 2621 786 2734 prmcrpia,
812 2638 969 2714 quatuor
993 2621 1169 2720 imagines
1188 2643 1234 2696 ex
1249 2619 1393 2694 duobus
1420 2625 1609 2792 principiis
1634 2645 1750 2720 natae3

108 2718 182 2796 osio
196 2720 331 2825 figurae
349 2741 395 2792 ex
416 2737 573 2816 quatuor
587 2716 807 2819 imaginibus
849 2737 1098 2809 romanantes3
1122 2725 1181 2810 64.
1201 2716 1343 2831 figure,
1366 2743 1430 2814 qut
1457 2717 1499 2794 us
1522 2721 1546 2792 li
1574 2743 1613 2793 er
1638 2741 1751 2796 muta·

108 2822 237 2896 tionum
255 2817 596 2920 comprehenditur,
605 2816 674 2889 illic
690 2816 728 2888 in
742 2741 860 2890 rabdo
874 2813 1106 2913 exhibentur,
1119 2815 1266 2913 adjesbs
1279 2814 1491 2892 nominibus
1507 2815 1754 2914 subjeslorum
1808 2857 1820 2866 ·

20 2935 21 2938 ’
110 2922 325 2996 naturalium.
377 2919 419 2993 ln
437 2917 494 2992 his
513 2913 642 3018 figuris
656 2938 698 2987 ac
717 2911 820 2989 lineis
834 2913 879 2988 ad
894 2911 1196 3013 Philosophicum
1209 2913 1349 3004 sensum
1362 2913 1594 3016 explicandis,
1616 2918 1753 2992 mirum

20 3073 21 3076 ,
111 3017 162 3117 est,
176 3045 289 3119 quarn
310 3017 458 3092 solertes
472 3014 542 3090 srnt
556 3010 797 3090 Chinensrum
814 3011 960 3115 philoso
990 3012 1038 3088 hi.
1088 3013 1237 3090 Motalis
1253 3013 1311 3096 illa
1337 3036 1446 3112 atque
1471 3012 1617 3115 politica
1638 3017 1751 3118 expli·

111 3121 191 3194 catio
213 3113 405 3217 Consucii,
426 3139 534 3214 quam
552 3115 623 3190 illic
636 3109 821 3188 adducunt
837 3112 944 3220 hujus
961 3039 1049 3187 iibri
1061 3116 1349 3210 concinnatores,
1366 3114 1472 3216 plena
1485 3113 1657 3215 profesio
1672 3116 1752 3220 pul·

112 3217 373 3294 cherrimorum
389 3212 552 3292 sensuum
573 3209 635 3312 est,
651 3235 733 3308 quae
750 3233 928 3313 perpetua
945 3211 1034 3288 serie
1046 3235 1092 3288 ex
1106 3213 1247 3290 illarum
1262 3211 1374 3288 dusiu
1388 3237 1428 3287 ac
1442 3215 1751 3292 nexu‘evolvitur.

111 3316 328 3421 imaginibus
343 3315 393 3394 illi
410 3317 448 3391 br
463 3315 623 3389 numeris
638 3311 883 3415 Πυθαγοςίζαν
895 3333 978 3388 ante
995 3309 1112 3412 ipsum
1127 3312 1380 3426 Pythagoram
1395 3309 1577 3389 videntur.
1608 3316 1752 3391 Mirum

112 3441 198 3493 certe
211 3417 334 3492 videri
348 3411 470 3516 poffit,
492 3411 686 3512 quomodo
710 3415 749 3487 in
774 3415 848 3488 illas
871 3410 893 3484 s
914 3411 1132 3488 eculationes
1158 3413 1271 3512 primr
1299 3409 1514 3487 devenerint
1535 3411 1753 3511 Chinenses;

115 3541 188 3592 nam
201 3513 421 3614 Confucius,
436 3516 499 3628 qui
514 3535 629 3588 annos
647 3535 726 3606 551.
746 3533 828 3588 ante
848 3437 1036 3586 Ciiristum
1061 3532 1188 3586 natum
1213 3513 1317 3608 vixit,
1338 3509 1419 3594 hee
1440 3534 1486 3586 ex
1504 3513 1754 3612 antiquissimis

117 3616 311 3694 autoribus
324 3613 358 3690 se
371 3609 590 3717 consignasse
605 3609 736 3688 scribit.
792 3609 836 3684 In
851 3611 954 3683 omni
968 3631 1064 3710 pene
1078 3631 1190 3710 gente
1212 3609 1291 3684 talia
1316 3607 1499 3710 observes,
1522 3638 1607 3690 cum
1630 3639 1755 3692 rerum

117 3715 221 3792 nubs
236 3711 423 3818 indagant,
441 3715 627 3814 praecipue
643 3713 681 3786 in
697 3707 958 3804 Orientalibus,
974 3707 1106 3804 quibus
1128 3712 1249 3784 omnis
1275 3693 1510 3811 Phssosophia
1532 3717 1759 3818 aenigmatica

118 3813 168 3888 est.
215 3813 458 3916 indagatione
475 3811 604 3886 scilicet
618 3807 800 3884 ducuntur
813 3806 858 3884 ad
873 3807 990 3882 nescio
1005 3831 1086 3903 quae
1102 3805 1283 3906 abstrasia,
1305 3833 1387 3905 quae
1409 3811 1468 3884 vel
1491 3835 1558 3912 per
1580 3838 1760 3892 numeros

120 3913 172 3986 vel
190 3911 327 4018 figuras
346 3935 531 4010 utcunque
552 3912 772 4008 exprimunt.
820 3905 919 3983 Cum
934 3908 1032 3980 enim
1047 3903 1169 3981 videat
1193 3931 1295 3982 mens
1312 3907 1479 4007 humana,
1497 3912 1668 4008 quedam
1691 3907 1760 3986 esse

22 4041 23 4044 ¹
118 4011 178 4086 illis
192 4013 385 4113 corporeis
398 4013 538 4107 altiora,
555 4033 594 4082 ac
609 4004 803 4109 potestates
819 4001 991 4103 quasdam
1010 4003 1090 4078 haec
1103 4002 1274 4080 inferiora
1286 4004 1348 4081 sub
1363 4005 1397 4080 se
1411 4010 1763 4108 continentes,nihil·

121 4113 238 4208 quein
255 4133 381 4188 natura
394 4112 492 4188 norit
507 4109 622 4209 magis
635 4103 850 4182 abstrasium
865 4101 1017 4203 arebus,
1031 4101 1232 4204 Spirituum
1248 4117 1339 4180 vero
1354 4107 1486 4180 nuliam
1500 4103 1632 4182 habeat
1645 4111 1765 4185 notio·

121 4233 211 4308 nem,
226 4209 274 4285 ad
288 4233 461 4288 numeros
482 4203 669 4309 &figuras
689 4203 870 4302 dilabitur,
887 4225 1015 4302 easque
1041 4203 1101 4277 vel
1125 4225 1166 4280 ut
1188 4202 1314 4300 causas,
1336 4205 1396 4279 vel
1416 4225 1457 4280 ut
1477 4201 1579 4308 signa
1598 4205 1766 4306 quadirn

123 4331 239 4384 rerum
256 4311 541 4412 archetypapro
557 4307 654 4382 veris
669 4303 780 4380 causis
794 4301 967 4380 venditat·
1015 4303 1059 4377 ln
1073 4303 1211 4476 spuibus
1227 4302 1398 4380 omnibus
1416 4329 1492 4380 non
1508 4303 1658 4402 quidem
1671 4303 1764 4384 adeo

22 4467 23 4470 ,
124 4411 207 4482 certi
219 4407 311 4506 quid
324 4404 644 4511 deprehendimus,
658 4425 699 4479 ut
711 4401 840 4506 pestus
852 4399 1004 4477 saturare
1018 4425 1070 4502 po
1100 4427 1206 4501 rmus,
1223 4426 1282 4481 aut
1295 4403 1411 4500 aliqua
1430 4401 1535 4508 super
1551 4403 1626 4482 hoc
1640 4403 1767 4484 funda·

126 4529 248 4588 mento
267 4505 468 4606 exstruere3
501 4501 562 4583 sed
587 4525 745 4610 arguunt
773 4524 893 4582 tamen
912 4497 1039 4677 ilppdsd
1054 4499 1143 4578 ferri
1157 4523 1283 4582 natura
1304 4499 1360 4580 sua
1374 4503 1571 4584 ammosad
1582 4506 1770 4611 generales

1064 4623 1088 4687 2
1564 4649 1571 4654 -
1662 4629 1773 4710 quos·¹
