3984 5234
665 291 742 392 Cep.
762 287 840 368 VII.
890 288 949 366 De
973 285 1143 368 methodis
1178 293 1307 372 variis.
1390 368 1395 386 ,
1732 311 1804 396 387

146 481 237 554 nme,
261 457 475 536 Helmlladii
502 471 606 548 1586.
628 460 666 534 in
693 473 725 546 8.
750 459 889 535 editos:
940 457 1005 556 qui
1038 458 1128 532 mihi
1158 461 1198 532 in
1232 460 1304 535 hoc
1328 481 1464 563 genere
1491 462 1539 538 ita
1561 460 1701 566 semper
1729 467 1812 568 pla·‘

150 577 321 658 ruerunt,
346 581 387 634 ut
406 583 536 659 parum
552 558 826 634 enovatoribus
845 559 964 650 bacin
980 581 1019 631 re
1033 555 1344 658 novipraeilitum
1365 558 1585 658 existimem,
1611 561 1676 636 nist
1696 565 1802 662 quod

149 656 399 768 applicatione
413 657 736 748 adMathemtriea
751 681 791 731 ac
815 656 970 755 Physica
991 658 1157 756 exernpla
1179 681 1225 732 ne
1254 660 1371 732 orium
1394 657 1469 733 hoe
1492 664 1628 760 optime
1654 661 1801 738 illustra·
1863 673 1867 688 '

150 773 240 830 rint.
291 759 308 794 '
324 755 419 838 Haec
436 755 487 830 est
503 757 569 856 illa,
590 779 671 854 quae
688 753 872 834 librisriit
892 758 1115 834 lavaturam
1140 754 1207 828 An'
1239 758 1344 834 otelis
1369 755 1546 830 desirinae
1570 764 1800 858 continetur3
1819 791 1836 862 5

149 879 317 950 quorum
335 854 417 929 dure
431 877 550 956 partes
566 853 655 929 stent.
728 854 873 930 Priores
889 857 965 930 duo
984 853 1262 951 Analyricoeum
1277 855 1359 930 libri
1374 855 1508 928 docent
1520 860 1802 938 ratiocinationis

149 951 292 1028 fortnas
312 952 540 1029 construere:
587 949 812 1031 Posteriores
826 953 902 1028 duo
915 954 997 1035 libri
1021 944 1173 1032 aulem
1199 951 1257 1028 seu
1278 951 1522 1030 eruditionem
1555 951 1802 1056 compleiiun-

149 1073 215 1126 tur
253 1051 453 1154 indagandi
483 1051 774 1150 dijudicandique
805 1055 971 1127 materias
995 1055 1033 1124 in
1057 1049 1207 1154 singulis
1224 1050 1427 1154 disciplinis.
1488 1055 1526 1110 -*
1541 1051 1648 1128 Hanc
1668 1055 1840 1140 sciliceta

152 1171 302 1250 partem
315 1151 472 1253 Logices
497 1154 660 1254 ἕυςετικὴν
683 1151 721 1226 ἃ
746 1155 886 1264 κριτικὴν
908 1151 953 1225 ab
981 1147 1047 1224 usu
1069 1173 1147 1226 non
1171 1149 1289 1228 morlo
1318 1152 1489 1322 populari
1512 1171 1703 1252 remoram,
1737 1155 1798 1232 sed

1 1283 2 1294 ¹
152 1251 400 1328 multis-etiam
416 1273 545 1350 parum
563 1249 703 1324 erudite
722 1251 939 1352 usurpatam,
966 1247 1035 1326 suis
1052 1239 1369 1328 Methodorumn
1394 1253 1445 1324 ris
1457 1248 1636 1326 illustrare
1650 1273 1800 1334 conatus

1 1335 2 1388 ³
150 1345 209 1420 est
234 1348 474 1447 Gunrherus,
513 1345 650 1446 jundiis
665 1348 742 1444 illis,
779 1373 861 1444 quae
876 1343 976 1449 apud
994 1347 1186 1434 Platonem
1207 1350 1246 1423 dt
1269 1349 1453 1424 Galerium
1503 1349 1738 1449 (cujus'extat
1753 1354 1800 1430 de
1851 1423 1854 1430 .

150 1450 303 1547 optimo
318 1470 454 1550 genere
468 1445 626 1522 docendi
639 1446 750 1542 liber)
783 1467 991 1524 occurrunt.
1068 1447 1089 1490 ³*
1105 1445 1164 1522 De
1188 1446 1254 1522 hac
1268 1447 1448 1524 methodo
1467 1447 1569 1524 Plato
1587 1451 1625 1522 in
1639 1450 1797 1528 Phoedro
1815 1477 1847 1546 7⁴

153 1545 197 1622 ἃ
215 1543 342 1646 puisun
360 1545 525 1646 pluribus
543 1547 636 1648 agit,
662 1567 814 1642 eamque
837 1569 878 1621 ut
907 1545 1076 1622 divinum
1105 1546 1299 1621 inventum
1326 1545 1576 1623 commendat:
1629 1546 1678 1623 est
1702 1550 1800 1626 enim
1951 1601 1960 1614 -

152 1643 367 1742 intelleiiui,
395 1667 468 1721 tam
508 1645 710 1720 theoretico
740 1667 850 1741 quarn
881 1643 1055 1746 ptailico,
1095 1641 1374 1722 instrumentum
1408 1644 1798 1746 permiseramus&
1932 1723 1934 1728 .

152 1764 259 1820 acute
284 1745 539 1858 intelligamus,
564 1741 730 1818 &reste
765 1767 787 1818 a
836 1767 918 1818 mus
925 1769 936 1837 ;
988 1767 1075 1817 uere
1092 1743 1131 1818 de
1161 1767 1230 1844 per
1249 1743 1413 1820 habitum
1427 1747 1642 1846 organicum
1654 1747 1799 1824 metho-

1 1863 2 1878 ¹
155 1841 246 1918 dum
264 1841 433 1920 definivit
446 1841 672 1918 Guntherus
747 1841 769 1892 ἢ
811 1842 854 1916 lle
869 1865 960 1916 vero
998 1841 1115 1932 abitus
1133 1841 1363 1935 methodicos
1377 1843 1437 1918 vel
1450 1845 1489 1918 in
1502 1845 1645 1948 integra
1658 1843 1838 1935 scientia8
1882 1865 1884 1870 ’

1 1983 2 2034 t
155 1940 353 2040 intranda,
376 1943 437 2018 vel
458 1945 495 2017 in
513 1943 629 2038 aliqua
643 1939 718 2038 'ejus
732 1961 847 2042 parte,
861 1963 1056 2016 exercetur.
1128 1940 1354 2018 Methodum
1375 1939 1632 2018 Universalem
1648 1935 1800 2026 diducere

1 2037 2 2130 Ῠ
154 2045 236 2119 λίαν
259 2043 410 2116 vocavit
439 2041 617 2136 Galenus,
650 2063 670 2114 a
700 2065 777 2135 quo
804 2061 926 2115 tamen
950 2037 1106 2116 dissentit
1136 2039 1378 2118 Guntheruse
1419 2063 1503 2116 nam
1526 2031 1730 2122 deducentia
1754 2047 1800 2122 nd

1 2149 2 2184 ³
154 2165 265 2216 uriam
278 2139 335 2214 ali
362 2165 445 2214 uam
477 2161 617 2214 rantum
651 2135 876 2239 disciplinam
897 2139 1094 2239 *pertinet;
1143 2137 1341 2234 methodus
1371 2163 1491 2217 autem
1519 2139 1570 2214 est
1595 2148 1802 2222 communis
1942 2159 1945 2170 ’

153 2238 326 2338 querclam
336 2165 563 2314 scientiarum
587 2259 728 2334 norma,
753 2237 841 2314 nulli
860 2239 1024 2338 p't·opriae
1049 2240 1249 2342 mancipata
1272 2237 1486 2342 discipline:
1522 2259 1608 2318 cum
1633 2267 1710 2318 non
1734 2242 1801 2319 fin·
1953 2255 1966 2268 ‘

152 2339 324 2513 sarmarum
348 2335 614 2438 dsciplimrum
638 2339 791 2426 {nicaea
814 2334 1021 2440 cognoseat,
1063 2335 1125 2410 sed
1148 2335 1238 2438 ipsas
1261 2336 1439 2436 scientias,
1472 2361 1625 2437 quarum
1638 2340 1800 2446 'singulte

197 2463 218 2512 a
240 2439 393 2526 endem
423 2435 663 2538 perspiciunt,
701 2434 875 2536 dijudicer
902 2437 1169 2532 examinetque.
1233 2440 1261 2504 .·
1280 2438 1454 2514 Methodi
1476 2437 1705 2552 particulares
1727 2467 1839 2550 prop

1 2518 2 2572 l
154 2541 297 2614 rarlone
322 2536 483 2612 duorum
508 2533 735 2610 summorum
758 2556 956 2636 generum,
992 2531 1202 2610 Substantias
1233 2535 1271 2611 δι
1294 2536 1525 2634 Accidenr1s‚
1563 2537 1639 2613 duo
1665 2539 1801 2620 habent

1 2711 2 2734 ,
157 2635 404 2735 instrumenta,
424 2630 676 2709 definitionem
703 2632 741 2708 dt
773 2631 1129 2708 demonstrationem.
1201 2629 1395 2734 *Qubus
1433 2654 1552 2734 patet,
1593 2639 1698 2713 nullis
1730 2665 1799 2718 nos
1820 2677 1864 2730 10

1 2795 2 2818 2
157 2760 186 2813 o
213 2762 255 2813 us
280 2735 415 2811 habere
436 2735 496 2807 vel
522 2727 798 2844 Gnostologiis,
827 2731 889 2806 vel
920 2729 1144 2830 Hexologiis
1178 2732 1218 2808 dt
1249 2731 1518 2844 Intelligentiis,
1550 2757 1638 2829 quas
1671 2738 1801 2812 mustei
1899 2799 1902 2806 .

155 2761 317 2912 addisci
346 2833 499 2910 linarurn
522 2830 615 2906 fabri
637 2828 744 2907 nobis
769 2827 1013 2904 extuderunt:
1062 2851 1146 2902 nam
1176 2827 1248 2906 sola
1278 2830 1435 2930 Logrces
1462 2830 1500 2906 er
1532 2832 1701 2907 methodi
1734 2834 1800 2910 do·

158 2933 273 3012 ibina
313 2934 319 2949 '
375 2932 402 3008 d
435 2929 651 3027 absolvitur,
698 2926 802 3026 quod
831 2925 878 3002 ad
908 2925 1108 3028 disciplinas
1142 2926 1360 3004 ordinandas
1388 2931 1559 3028 pertinet.
1630 2930 1799 3031 *Hujus
1820 2973 1859 3024 ῃ

147 3031 340 3110 -doilrinae
374 3031 557 3108 summum
580 3028 683 3104 usum
708 3049 793 3102 cum
817 3023 1064 3130 perpenderet
1112 3025 1413 3102 Eun'naous
1464 3028 1796 3132 wernerius,

1 3163 2 3190 i
157 3127 366 3208 Matheseos
394 3127 579 3207 Professor
612 3130 651 3202 in
672 3124 871 3202 Academia
893 3122 1034 3219 Jenenli
1058 3123 1364 3224 celebratissimus,
1413 3129 1474 3202 vir
1498 3126 1548 3203 ob
1582 3133 1729 3234 egregia
1760 3133 1799 3212 dc

158 3228 350 3334 singularia
374 3233 414 3308 in
436 3219 516 3306 arre'
534 3225 598 3302 sua'
611 3228 758 3302 inventa
778 3223 955 3301 summam
978 3221 1123 3300 laudem
1174 3228 1388 3323 romericus,
1423 3248 1459 3302 at
1486 3251 1532 3302 ue
1556 3223 1799 3307 demonstran·

156 3328 199 3404 di
221 3352 338 3406 artent
360 3353 382 3404 e
406 3327 672 3404 Mathematicis
695 3325 884 3426 principiis
902 3320 1004 3422 ,quast
1028 3346 1049 3397 e
1073 3251 1190 3400 fundo
1210 3327 1332 3421 aliquo
1357 3326 1436 3425 peti
1459 3253 1592 3400 debere
1617 3327 1715 3404 reile
1744 3332 1800 3430 ju-

158 3429 314 3526 dicaret,
351 3429 492 3526 Aualysm
522 3425 742 3524 fflssotedcam
764 3447 805 3495 ex
829 3423 1152 3516 haeerditatem
1187 3420 1335 3522 stripfit,
1375 3447 1457 3519 quae
1482 3435 1658 3526 genuimus
1681 3429 1800 3528 sciendi

159 3529 287 3603 eodm
313 3525 358 3602 ss
382 3536 521 3600 nativam
543 3525 718 3620 restaurate
736 3517 925 3624 philosophie
946 3522 1067 3615 secem
1088 3539 1146 3619 per
1174 3545 1277 3592 onmes
1299 3520 1471 3621 disciplinas
1493 3525 1725 3626 t'chnograpbt'ce
1747 3533 1799 3603 dc*
1874 3582 1876 3590 ·

156 3637 326 3802 sensim
340 3619 878 3800 n‘dibqi‘ri‘idilif‘lli
892 3622 1095 3794 illisus*
1117 3615 1382 3794 lllldell
1396 3621 1646 3798 midilim
1669 3626 1798 3803 ndu.
1817 3660 1858 3712 1²

160 3751 350 3922 amidis,
367 3749 433 3897 tsicel
459 3749 585 3918 ribus,
635 3818 695 3892 vel
726 3777 892 3893 tdrminis
927 3743 1352 3930 nonnullisqnovarurire
1383 3745 1548 3896 videatur
1555 3848 1565 3915 3
1591 3751 1683 3898 'fiii
1685 3752 1797 3930 ‘inglg
1917 3803 1920 3808 ⁵

163 3926 266 4000 nium
307 3945 429 3999 tamen
451 3921 488 3996 de
510 3920 681 4021 enicem
716 3939 793 3992 non
827 3917 1016 4017 vulgarem
1052 3939 1091 3989 tn
1128 3913 1406 3990 Commentario
1441 3919 1502 3994 illo
1537 3919 1796 4020 deprehendas.

162 4027 186 4072 *
209 4023 331 4122 Hujus
355 4020 408 4096 sui
445 4017 584 4095 consilii
605 4019 762 4092 rationes
787 4015 964 4108 prolixius
987 4014 1026 4086 in
1056 4013 1295 4112 Inscriptioue
1324 4015 1407 4090 libri
1430 4014 1603 4115 ostendit,
1627 4027 1628 4032 ’
1651 4045 1734 4096 cum
1758 4025 1855 4128 in13

165 4143 223 4201 ror
244 4118 450 4197 Aristotelis
474 4114 737 4216 Interpretibus
773 4113 811 4188 ἃ
841 4109 1062 4187 Scholasticis
1086 4112 1177 4187 nihil
1206 4110 1312 4210 plane
1344 4114 1535 4212 inveniret,
1583 4118 1686 4213 quod
1717 4123 1798 4220 pul·

162 4223 387 4298 cherrimunt
412 4213 523 4318 ipfius
546 4237 641 4314 opus
680 4215 899 4290 'Avehurtuiiv
929 4208 1026 4284 rcere
1060 4211 1276 4312 explicaret,
1319 4233 1522 4310 canemque
1541 4237 1672 4292 vetum
1696 4217 1799 4295 usum

162 4315 436 4406 demonstraret.
486 4307 754 4414 Deprehendrbttm
778 4313 911 4382 homenes
933 4309 1011 4402 istos,
1037 4310 1172 4406 inquit,
1198 4327 1267 4380 toto
1289 4310 1338 4380 die
1361 4337 1423 4382 non
1447 4315 1503 4409 m'ss
1530 4314 1693 4389 demetere
1717 4325 1798 4392 Pre-

163 4450 182 4492 c
234 4427 305 4503 orie,
324 4416 572 4514 confilierumque
599 4412 687 4514 t'pssur
716 4408 808 4507 sensti
838 4409 883 4481 ad
916 4414 1019 4478 ravim
1049 4433 1145 4509 usque
1176 4403 1219 4482 ὅ
1249 4405 1390 4505 nertseam
1419 4411 1603 4484 deterrere.-
1631 4420 1705 4488 elios
1736 4420 1799 4506 hoc,

163 4441 240 4594 ozie
262 4516 343 4615 eliud
357 4511 557 4616 suppeditare
579 4511 688 4609 confidi
699 4536 712 4580 t
735 4532 838 4582 orttrtes
860 4509 1090 4683 totidemeverae
1111 4513 1220 4610 quippe
1243 4503 1286 4581 Θ*
1305 4505 1412 4610 prisce
1430 4511 1677 4588 Architttiomcae
1693 4522 1800 4717 (qu

1024 4629 1076 4682 cc
1109 4628 1132 4684 2
1700 4617 1735 4690 ob
1748 4643 1799 4690 cte·
