3970 5236
420 225 423 234 ·
521 249 524 258 ⁷
617 277 698 382 Cap.
732 273 815 357 Vll.
866 278 922 358 De
951 274 1123 404 methodis
1135 279 1264 357 variis.
1514 325 1517 332 ⁴
1668 309 1741 382 405

90 469 148 526 art
161 444 402 552 &perficiendis
416 441 595 619 drfipp'ptirir,
618 465 677 521 aut
691 447 732 522 de
744 469 909 550 augmento
921 451 1111 535 aarum}
1156 459 1189 523 ιιι·
1208 471 1311 524 tamen
1320 471 1436 553 parum
1448 470 1506 524 aut
1523 451 1601 526 uhu
1615 462 1648 528 in
1661 481 1736 528 una·

90 576 214 654 quaque
225 545 384 650 disciplina
392 571 454 650 pro
474 556 479 570 '
504 556 546 618 ἰ
554 549 744 651 perfessione
752 551 971 652 prestiterunt.
1073 552 1096 598 l
1121 477 1170 628 ἔτ
1185 551 1264 630 sane
1285 550 1364 628 fieri
1378 553 1442 628 vix
1463 551 1564 654 posse
1579 553 1736 654 videtur,
1755 569 1823 624 too
1868 557 1879 576 “

88 671 129 728 ut
142 673 183 724 ea
201 650 238 724 in
252 671 292 722 re
307 650 507 729 convenite
524 645 706 824 poffintst
737 652 870 726 lentes:
918 675 1003 727 nam
1018 673 1064 727 ex
1080 677 1156 750 quo
1169 649 1340 754 sapientia
1355 656 1548 755 praeceptis
1562 653 1655 730 tradi
1669 677 1739 732 cce·

89 753 155 854 pit,
183 747 298 824 shrdio
316 747 484 846 quaedam
499 773 526 823 o
551 748 684 824 scutata
712 773 789 848 unt,
804 775 850 826 ne
865 772 1031 854 paterent
1047 751 1218 830 omnibus
1232 777 1374 847 arcaua3
1407 777 1526 852 neque
1542 755 1740 830 etiamnum

89 849 177 927 utile
192 844 252 946 ell,
276 849 399 923 omnia
417 848 455 922 in
472 847 606 952 vulgus
619 846 707 924 ferri
722 849 950 926 scientiarum
967 850 1148 951 mysteria.
1252 853 1274 900 *
1310 853 1436 954 Quare
1451 877 1519 928 nec
1534 853 1738 932 consultum
1759 870 1822 928 101

92 949 157 1048 est,
184 973 251 1024 nec
278 944 357 1022 fieri
375 950 530 1049 poterit,
557 957 683 1025 ut‘una
695 951 811 1048 aliqua
824 952 968 1028 clara&
987 949 1150 1028 distinata
1173 949 1354 1028 methodo
1377 954 1499 1028 omnia
1526 978 1738 1056 proponan-

91 1069 158 1128 tur.
232 1055 254 1102 'l
274 1047 332 1123 Ex
347 1046 412 1127 hac
427 1047 568 1124 diversa
583 1047 741 1126 docendi
756 1053 896 1126 ratione
919 1049 1051 1128 diversi
1067 1052 1148 1136 libri
1163 1051 1262 1154 apud
1277 1074 1418 1129 veteres
1433 1053 1506 1128 orti
1527 1053 1624 1152 sunt,
1648 1079 1739 1152 quo·
1758 1080 1827 1136 102

91 1177 169 1229 rum
183 1149 494 1247 aliquiexotetici,
529 1149 790 1249 mathematici,
822 1151 1140 1266 hypomnematici
1164 1153 1202 1227 dt
1226 1151 1380 1228 usuales:
1424 1153 1534 1250 aliqui
1552 1157 1739 1254 exoterici,

90 1251 322 1331 acroamatiei
371 1247 565 1326 Lestiones
579 1251 772 1324 exoterica
788 1251 933 1352 publice
952 1249 1247 1328 instituebantur:
1267 1254 1512 1330 acroamaticae
1532 1257 1654 1354 paucis
1676 1257 1740 1331 eis·
1812 1256 1819 1267 “

91 1377 157 1453 que
172 1351 297 1454 dignis
313 1347 538 1426 auditoribus
558 1348 790 1427 habebantur.
866 1353 887 1401 *
911 1350 1104 1430 Videndus
1126 1349 1176 1428 est
1192 1351 1239 1427 de
1252 1353 1309 1428 illa
1323 1377 1363 1428 re
1379 1353 1565 1424 ouavranus
1579 1358 1742 1428 Ρινιιιίιιι
1760 1371 1825 1444 103

91 1463 118 1528 in
130 1452 208 1528 libro
223 1451 263 1550 de
283 1448 676 1535 murmuratorum,
694 1473 735 1523 ae
749 1455 786 1527 in
800 1451 897 1528 libro
915 1449 961 1526 de
979 1450 1146 1553 Disciplina
1159 1455 1322 1548 Errpclio:
1364 1475 1460 1548 quos
1481 1475 1501 1526 e
1517 1453 1744 1532 Bibliotheca
1791 1471 1814 1491 ‘

83 1551 255 1630 ·Goldalli
268 1545 498 1625 Francosutti
514 1547 638 1626 recudi
654 1549 741 1625 fecit
754 1553 958 1628 Goelenius
973 1551 1071 1626 Ann.
1094 1564 1198 1651 1606,
1212 1554 1270 1626 cui
1284 1549 1435 1652 praefixa
1450 1549 1501 1626 est
1512 1553 1656 1655 elegans
1672 1558 1744 1626 Gal

93 1653 161 1750 dossr'
175 1647 326 1752 epistola
340 1651 379 1722 de
400 1654 546 1751 Cryprica
559 1669 704 1721 ueterum
727 1651 978 1754 Philosophorum
993 1650 1158 1752 disciplina.
1260 1653 1281 1698 *
1308 1652 1427 1726 Multa
1447 1651 1507 1726 hic
1534 1653 1580 1727 de
1605 1642 1743 1760 παιδείᾳ
1761 1677 1845 1748 ιο4’

93 1751 284 1848 Ferrarius,
299 1761 409 1848 quam
424 1748 718 1852 illestngularem
737 1753 816 1827 vult
831 1747 898 1825 else
912 1751 971 1825 vel
986 1749 1194 1826 facultatem
1210 1751 1270 1825 vel
1284 1750 1471 1849 habitunt,
1494 1777 1566 1850 qua
1588 1757 1670 1851 quis
1690 1780 1744 1830 re·

97 1851 147 1929 lle
180 1849 229 1925 de
265 1849 374 1925 rebus
415 1849 662 1948 omnibusque
697 1849 850 1928 scientiis
877 1848 1026 1948 judicat.
1101 1847 1242 1926 Desinit
1262 1853 1361 1927 enirn
1381 1855 1744 1954 perexpetientiam3

97 1975 197 2050 atque
212 1949 273 2026 ille
288 1937 442 2028 voleat
458 1949 593 2026 habere
611 1948 754 2051 diciutt,
771 1954 835 2049 qui
855 1951 892 2025 in
910 1975 1032 2026 return
1046 1948 1256 2026 tradatione
1277 1951 1413 2026 diutina
1434 1957 1647 2028 exercitatus
1674 1957 1747 2034 col·

15 2095 16 2100 =
94 2051 174 2130 leur
188 2050 234 2127 ad
255 2050 359 2126 usum
375 2053 553 2154 principia
565 2047 718 2126 scientiis
732 2074 839 2150 atque
853 2050 990 2128 artibus
1006 2049 1146 2126 cunslis
1162 2048 1379 2152 suppeditat,
1400 2047 1579 2150 simulque
1598 2053 1657 2128 illa
1677 2053 1746 2130 else

15 2159 16 2208 ³
97 2150 289 2258 cognoscit,
304 2177 346 2226 ac
363 2151 535 2250 analytica
551 2150 696 2224 scientia
709 2150 884 2228 nstrusto
902 2151 1004 2226 velut
1021 2149 1183 2226 minister
1198 2151 1277 2248 ejus
1290 2147 1411 2227 offert.
1461 2153 1604 2228 Verum
1623 2154 1661 2228 in
1677 2153 1745 2232 illis

98 2255 136 2331 tle
154 2243 294 2356 παιδείᾳ
319 2253 356 2328 dt
378 2250 560 2353 disciplina
581 2249 759 2348 Encyclio
781 2276 801 2328 a
821 2251 988 2326 Ferrario
1010 2247 1167 2326 dissentit
1191 2247 1409 2326 Goldastus:
1457 2255 1624 2350 ’lneque
1646 2255 1744 2331 enim
1762 2269 1829 2348 105

15 2427 16 2454 ,
97 2379 155 2457 per
178 2351 404 2454 disciplinam
424 2349 630 2450 Encyclion
655 2341 955 2446 iuaouhooruuleiuu
980 2349 1148 2452 iutelligit
1169 2347 1379 2449 Goldastus,
1396 2353 1463 2448 qui
1486 2352 1565 2457 oapi
1589 2355 1746 2451 ἔγκυκλι
1825 2413 1830 2419 -

98 2449 245 2536 raldus
272 2451 488 2558 singularem
505 2451 638 2526 librum
656 2454 883 2552 moliebatur,
900 2455 938 2525 in
954 2473 1029 2548 quo
1045 2449 1202 2549 probate
1222 2451 1342 2526 voluit
1370 2453 1537 2550 ἐγκύκλιοι
1559 2455 1747 2535 veteribus

99 2559 298 2656 μαθήματα
318 2554 471 2656 proprie
486 2549 591 2649 diua,
605 2549 737 2648 quibus
752 2553 916 2652 primurn
932 2551 1041 2624 etiarn
1058 2550 1163 2649 pueri
1182 2509 1495 2628 informabantur:
1522 2553 1766 2632 mathemati·-

99 2683 142 2734 cre
155 2659 254 2732 enim
275 2677 369 2730 atres
384 2651 580 2756 populares
597 2671 709 2750 erant,
726 2672 835 2749 atque
849 2653 892 2726 iis
907 2651 1069 2750 primunt
1082 2645 1359 2723 iristituebantur
1378 2652 1533 2754 ingenui
1577 2653 1667 2752 ueri,
1683 2677 1744 2732 ne·

120 2782 160 2832 ue
179 2755 230 2832 ad
246 2755 503 2832 acroamaticos
519 2749 705 2827 sermones
715 2748 1011 2846 admittebantur,
1026 2750 1092 2844 qui
1118 2749 1156 2821 in
1174 2748 1232 2822 hia
1247 2747 1356 2824 rudes
1372 2773 1480 2826 erant.
1532 2679 1651 2926 Qud
1667 2758 1746 2852 qui·
1820 2783 1823 2792 ⁴

97 2784 175 2934 gem
191 2859 231 2932 iu
247 2852 378 2931 nostris
396 2851 537 2928 Scholia
560 2874 711 2952 quoque
735 2847 815 2924 fieri
837 2847 1003 2924 deberet:
1054 2845 1123 2920 illae
1150 2847 1248 2922 enim
1267 2845 1365 2944 quast
1386 2847 1477 2924 ansae
1498 2849 1566 2925 Phi
1581 2851 1745 2954 osophiae

100 2959 180 3056 sunt,
202 2982 244 3033 ac
258 2951 557 3031 mirificeacuunt
571 2953 772 3056 ingenium.
823 2949 918 3024 Non
936 2944 1057 3050 potest
1072 2948 1179 3022 etiam
1193 2967 1275 3020 eam
1298 2945 1349 3020 ob
1379 2947 1515 3025 causam
1540 2951 1745 3032 Methodus

101 3057 208 3158 aliqua
223 3053 430 3132 universalis
450 3049 595 3151 institui,
611 3049 713 3149 quod
730 3051 900 3126 omnium
917 3071 1052 3145 rerum,
1066 3044 1349 3149 imaginabilium
1395 3047 1760 3150 rasenimpccumm,

101 3181 168 3232 non
182 3153 294 3259 poffit
307 3154 383 3230 dati
399 3151 551 3251 scientia,
565 3175 606 3227 ac
620 3152 731 3228 multa
749 3153 787 3226 in
803 3148 1065 3265 problematice
1079 3143 1333 3222 incertitudine
1368 3145 1558 3247 obsistant,
1584 3155 1690 3228 etiam
1704 3157 1745 3232 in

101 3256 318 3332 naturalibus.
419 3257 448 3339 ⁴,
464 3249 630 3354 Qarefi
649 3251 708 3327 vel
725 3273 883 3326 maxime
899 3249 989 3326 velis
1011 3246 1262 3324 mathematica
1278 3247 1446 3346 incedere
1469 3251 1630 3354 ιίιιςιξιίιζ,
1663 3269 1831 3334 non106

82 3356 212 3432 ¹licebit
225 3355 264 3430 in
279 3350 461 3432 omnibus.
532 3351 613 3427 Hac
631 3375 724 3456 ergo
740 3372 845 3452 parte
860 3347 1139 3446 succumbimus,
1168 3371 1208 3422 ac
1233 3343 1275 3420 fit
1289 3343 1404 3448 saepe,
1436 3373 1476 3427 ut
1497 3353 1554 3428 illa
1575 3349 1758 3427 methodi.

102 3463 131 3536 ι’·
159 3457 244 3562 scala
269 3450 546 3531 confisttemete
562 3452 743 3552 derebus,
759 3473 847 3549 quas
863 3473 941 3525 non
965 3447 1296 3549 apprehendimus,
1316 3446 1540 3552 judicemus,
1563 3473 1677 3549 eaque
1702 3471 1746 3529 ιιι
1858 3529 1865 3546 ,

103 3557 123 3632 fi
191 3554 380 3634 &falsare
408 3551 586 3632 udiemus.
686 3555 708 3593 ⁴*
728 3551 868 3626 Borcllus
882 3551 920 3624 in
942 3547 1037 3623 libro
1054 3549 1092 3621 de
1116 3567 1204 3620 motu
1222 3549 1406 3622 animalium
1427 3552 1575 3650 aliisque
1600 3549 1741 3653 scriptis
1760 3571 1831 3646 107

105 3655 291 3734 felic'illime
304 3580 555 3730 matbematica
569 3651 748 3730 methodo
772 3651 810 3726 in
825 3650 994 3725 veritates
1016 3645 1211 3746 inquisivit.
1259 3645 1380 3723 Etiam
1394 3651 1519 3753 Spinofir
1545 3651 1651 3751 hujus
1670 3677 1744 3729 me·

104 3757 202 3833 rhodi
220 3755 309 3832 fuco
324 3755 467 3833 Ethicm
480 3750 577 3832 suam
585 3757 756 3859 praetfam
770 3742 990 3850 inctusttvit,
1016 3750 1077 3826 cui·
1088 3745 1215 3825 eadem
1232 3745 1415 3828 methodo
1434 3753 1671 3858 a.Blt'mbur'gio
1691 3777 1747 3832 te·

106 3855 268 3958 sponsum
285 3853 345 3935 eil
