3954 5232
188 215 313 364 'sao
467 365 472 372 ‚
800 241 966 355 eapte.
993 244 1144 327 racem.
1191 242 1270 324 tta.
1298 188 1391 325 nt

239 425 418 522 sumantr3
441 445 521 504 turn
536 441 577 500 ut
591 424 649 498 via
665 417 732 534 ipsr
747 415 903 517 certasrt,
919 439 989 516 qna
1006 415 1169 492 ducatur.
1219 405 1306 518 Ego
1320 437 1400 517 prae-
1415 414 1724 493 cererisomnibus
1739 403 1885 492 senens·

241 527 356 603 ledeti
374 527 615 628 Apparatum,
628 543 669 596 ut
674 543 754 694 ,lam
771 540 873 594 antea
888 513 1220 616 fecteomnendo,
1236 519 1383 616 optimo
1400 513 1551 608 ,delesti
1577 516 1809 614 adornatum,
1835 513 1885 590 sed

244 630 309 724 qui
322 630 448 728 augeri
459 625 587 700 multis
607 645 671 695 mo
699 623 728 696 is
743 616 871 720 pollet,
888 639 967 692 tum
981 641 1027 690 ex
1041 617 1117 690 aliis
1140 613 1303 714 ejusdem
1357 617 1474 691 oneris
1488 604 1748 717 scriptoribus,
1768 615 1887 692 Basilio

242 725 378 822 Fabro,
392 726 519 822 Pareo,
534 721 648 824 (cujus
668 721 705 794 in
722 719 863 818 calligta
892 716 952 791 hia
966 714 1027 791 etsi
1051 717 1164 790 multa
1189 713 1286 792 bona
1328 737 1405 814 unt,
1425 715 1610 792 incondita
1635 739 1756 793 tamen
1778 717 1889 792 titulo·

242 849 327 900 rurn
346 826 383 899 dt
397 819 701 899 Aurorumvariae
716 819 827 893 aetatis
864 818 1028 917 arnagine
1047 813 1323 914 obnubilantur)
1340 837 1420 890 turn
1433 817 1541 890 novis
1554 815 1793 914 colleslaneis,
1812 839 1888 913 qua

163 927 168 934 “
243 923 289 1000 lia
302 923 492 999 solertibus
511 919 725 996 Scholarum
740 915 959 990 Redotibus
980 913 1197 1010 quotidiano
1217 913 1354 1014 labore,
1376 939 1459 990 curn
1475 914 1639 990 Antores
1652 914 1825 992 Classlcos
1841 919 1888 1014 ju·

181 1031 228 1111 32
243 1025 387 1100 venturi
420 1023 637 1123 praelegunt,
661 1017 868 1092 coacervari
887 1012 981 1088 facili
1005 1016 1160 1126 negotio
1188 1011 1346 1116 possunt.
1419 1015 1438 1062 *
1463 1013 1558 1088 Non
1579 1013 1780 1092 audiendus
1804 1040 1888 1118 ergo

242 1121 294 1200 est
313 1123 571 1224 Qtintilianus,
586 1116 778 1218 praeclarus
793 1115 874 1189 alias
891 1114 1109 1210 eloquenttae
1129 1109 1316 1215 Magister,
1332 1137 1417 1190 cum
1429 1111 1479 1186 lib.
1499 1139 1536 1186 ιο.
1557 1142 1583 1185 c.
1591 1141 1611 1185 1.
1626 1139 1780 1192 omnem
1800 1115 1888 1190 illam

158 1215 163 1223 ’
241 1223 551 1322 synonymorum
575 1215 660 1291 colli
690 1213 872 1289 endorum
888 1216 1068 1288 rationem
1082 1210 1253 1287 damnate
1266 1212 1425 1290 videtur.
1568 1215 1649 1286 idem
1663 1215 1741 1314 scia,
1764 1219 1887 1314 inquit,

168 1289 201 1382 ἶ
241 1318 538 1424 quasdamcollesla,
554 1343 621 1417 qaae
641 1241 953 1412 idmssgmficarent,
978 1309 1126 1390 oaanbula
1143 1311 1254 1410 solitos
1276 1313 1421 1411 ediscere,
1442 1339 1503 1414 quo
1533 1317 1640 1386 acilius
1654 1312 1698 1388 εἴ
1712 1339 1888 1392 occurrerer

244 1447 342 1494 ranam
359 1447 399 1491 ax
415 1391 567 1520 pheldas,
592 1410 636 1489 δ’
649 1441 721 1486 cum
734 1439 752 1484 ,a
773 1433 826 1488 ent
842 1415 886 1510 ass
896 1415 1010 1511 aliquo,
1028 1409 1166 1510 stbreua
1178 1421 1267 1484 intra
1272 1411 1414 1512 spatium
1432 1411 1543 1511 rursr'as
1556 1414 1799 1510 defideraretur,
1820 1422 1888 1514 effu·
1960 1413 1961 1494 ἶ

136 1583 149 1592 ,
192 1509 216 1612 ζ
237 1520 357 1622 glande
383 1547 404 1588 r
438 1524 575 1589 cainonis
587 1524 699 1614 gratia
739 1531 881 1584 amarent
897 1511 1078 1610 altud,·quo
1099 1511 1182 1582 idem
1203 1513 1331 1612 inteligi
1370 1513 1448 1613 offic.
1519 1515 1697 1612 Qadcum
1712 1517 1752 1612 ast
1765 1525 1889 1617 puerile,

189 1609 197 1635 ⁸
241 1615 289 1693 ὅ
314 1541 475 1716 cujusdam
493 1615 637 1710 infelicis,
656 1635 762 1714 opera,
788 1633 857 1685 tum
878 1619 973 1682 etiam
1004 1615 1081 1682 utile
1105 1631 1242 1712 partam:
1278 1535 1405 1684 tardam
1423 1621 1505 1686 eatt'm
1526 1613 1616 1684 moda
1646 1639 1831 1718 congregat,
1853 1651 1902 1696 ex*

242 1743 309 1820 qua
332 1719 397 1815 fine
426 1716 599 1816 disca-lmine
629 1733 756 1816 occupet
784 1720 967 1814 praxianum
995 1711 1148 1810 quodque.
1224 1708 1317 1782 Nobis
1347 1733 1453 1785 atatem
1483 1722 1569 1812 copia
1604 1731 1675 1786 cam
1698 1719 1821 1812 judicto
1838 1746 1889 1824 pa
1960 1719 1961 1812 J

243 1817 348 1890 raeda
371 1817 431 1912 est·
464 1824 530 1888 va‘m
551 1815 672 1896 ararad,
697 1839 759 1884 nan
782 1814 1016 1884 circulatoriam
1034 1807 1269 1894 volubilitatem,
1291 1809 1511 1912 spassanta‘bua.
1604 1815 1646 1885 ld
1665 1835 1771 1888 autern
1800 1847 1853 1892 can
1866 1851 1890 1894 a·
1960 1813 1961 1820 ἵ

191 1937 202 1967 ·
241 1941 379 2016 quemue
403 1925 520 2016 optima
540 1915 667 2014 tegendo
692 1909 736 1986 δῖ
762 1911 922 1984 audendo.
994 1907 1090 1986 Hac
1112 1910 1176 1984 illo
1200 1908 1286 1984 loco
1313 1909 1561 2083 O7upntillanus
1582 1937 1711 2014 parum
1734 1823 1890 1998 confide·

191 1995 201 2038 ⁸
241 2034 319 2088 rate
341 2012 470 2090 scribit.
514 2013 646 2088 'Nam
661 2035 744 2086 curn
757 2031 860 2086 antea
872 2006 1023 2105 dixisset,
1039 2006 1239 2082 verbaaliis
1256 2009 1361 2083 abac
1391 2015 1541 2114 etnagis
1556 2017 1719 2113 propria,
1736 2039 1799 2094 aut
1822 2047 1890 2098 ma-

274 2114 454 2208 isornata,
468 2133 529 2188 aut
542 2111 625 2213 plus
644 2105 843 2206 efficientia,
856 2129 917 2182 aut
932 2108 1059 2182 melius
1074 2104 1243 2204 sonantia,
1260 2133 1342 2204 quae
1365 2133 1454 2188 nota
1469 2135 1547 2186 non
1560 2110 1677 2187 solum
1691 2111 1758 2188 else
1772 2127 1891 2198 omnia

180 2293 184 2304 ,
242 2135 411 2312 debeant,
426 2210 487 2286 sed
506 2213 545 2285 in
566 2228 748 2322 promptu
761 2229 870 2305 atque
888 2209 928 2280 in
941 2203 1150 2306 conspeslu,
1173 2228 1213 2280 ut
1233 2204 1343 2284 facilis
1360 2232 1407 2298 ex
1429 2211 1485 2286 his
1509 2207 1552 2287 stt
1571 2214 1810 2312 optimorum
1831 2223 1894 2298 ele·

244 2309 340 2389 tuo:
380 2308 575 2411 quomodo
590 2306 805 2384 elesltonem
819 2306 917 2381 lllarn
931 2301 1091 2381 instituet
1108 2303 1261 2404 Orator,
1277 2305 1342 2382 nist
1366 2310 1556 2412 collegerit
1575 2311 1614 2387 dt
1644 2314 1683 2386 in
1703 2339 1892 2400 numerato

180 2415 225 2498 33
243 2409 440 2490 habuerit?
460 2405 657 2508 quomodo
669 2409 908 2482 innumerato
925 2403 1159 2504 habebit,nifi
1173 2403 1451 2508 consignaverit,
1465 2409 1527 2486 vel
1541 2407 1756 2490 edidicerit?
1796 2421 1816 2465 ἤ
1834 2422 1893 2498 Di.

243 2515 353 2612 xeris,
371 2512 469 2589 ultro
490 2508 525 2586 se
541 2512 709 2612 ingerent
723 2503 881 2582 ledione
892 2503 1006 2580 multa
1020 2501 1254 2604 frequentata.
1326 2506 1398 2583 Sed
1417 2508 1509 2607 quid
1520 2532 1620 2587 vetat
1638 2510 1702 2588 usu
1724 2541 1894 2622 percepta

242 2608 553 2690 memoriaeeausa
569 2603 801 2711 congerere?
826 2608 865 2682 in
874 2607 1054 2682 memoria
1079 2629 1177 2682 certe
1198 2604 1337 2683 haerere
1359 2607 1495 2686 debent
1502 2633 1513 2706 3
1532 2611 1668 2688 modo
1695 2639 1781 2691 curn
1805 2618 1894 2698 dele-

243 2710 305 2788 stu
331 2711 521 2812 &judicio
541 2709 792 2806 adhibeantur,
817 2703 920 2805 quod
941 2729 1020 2808 ptae
1033 2709 1171 2782 caretis
1194 2729 1273 2859 reqo
1287 2709 1347 2786 'trit
1362 2707 1619 2812 Qtintilianus.
1695 2715 1893 2802 Vernacula

242 2833 377 2890 eratne
393 2811 498 2890 dorni
515 2808 721 2888 nascebatur
747 2809 814 2884 illis
833 2808 962 2882 oratio.
1039 2804 1145 2909 Qud
1167 2828 1265 2884 tum.
1311 2811 1416 2886 etiam
1439 2811 1478 2884 in
1500 2810 1681 2888 notiffima
1703 2815 1812 2894 nobis
1832 2823 1892 2898 lin·

298 2938 329 3011 a,
352 2911 504 2986 illustres
523 2908 706 3005 sormulae,
732 2906 842 2984 verba
854 2901 1024 3008 sonantia,
1046 2931 1123 2982 non
1144 2906 1289 3008 semper
1308 2911 1497 2986 memoriae
1518 2909 1731 2990 succurrunt
1764 2941 1806 2994 ut
1870 2947 1892 3000 o

238 2933 355 3110 ltdlis,
370 3012 484 3086 Gallis
499 3011 537 3083 in
554 3009 644 3096 ,suis3
683 3005 790 3082 nobis
806 3009 844 3082 in
859 3006 1079 3082 Germanica
1095 3005 1219 3110 lingua
1243 3011 1398 3084 omnino
1410 3009 1577 3106 quaedam
1599 2974 1759 3091 notanda
1783 3025 1854 3096 exit
1881 3069 1892 3083 -
1959 3065 1960 3068 κ

245 3133 365 3184 mern:
402 3130 444 3184 ut
458 3108 583 3184 Graeci
606 3127 771 3181 oratores
788 3104 854 3206 ipst
869 3106 980 3180 verba
1000 3103 1179 3203 historica,
1198 3105 1356 3217 politica,
1375 3113 1542 3207 oratoria,
1559 3115 1714 3212 po'e‘tica,
1744 3115 1891 3226 diligen·

182 3235 234 3314 34
248 3229 303 3284 ter
322 3229 503 3295 notarunt,
524 3229 685 3304 quorum
707 3204 766 3280 vel
781 3203 984 3307 fragmenta
1001 3206 1062 3278 vel
1082 3204 1215 3294 indicia
1232 3206 1338 3282 nobis
1352 3207 1557 3307 supersunt.
1631 3217 1652 3258 a
1675 3213 1789 3292 Certe
1814 3223 1890 3300 Pol-

246 3309 361 3384 lucius
380 3331 437 3384 ma
468 3333 512 3382 na
535 3305 720 3408 diligentia
737 3301 807 3380 fuit
828 3307 867 3380 in
887 3302 1097 3380 ordinandis
1120 3303 1159 3378 dt
1182 3327 1260 3380 non
1281 3304 1397 3382 solum
1424 3306 1620 3386 secundum
1642 3318 1767 3392 varios
1792 3321 1888 3400 locos

244 3405 423 3508 disponen
453 3412 481 3483 is
502 3405 668 3503 vocibus,
683 3406 807 3503 quain
822 3427 862 3480 re
875 3401 1010 3501 aliquid
1021 3403 1226 3480 Sturtniano
1240 3403 1390 3482 confilio
1402 3403 1514 3482 fimile
1529 3408 1590 3508 est,
1605 3410 1718 3488 sedin
1733 3415 1888 3523 synony-

244 3508 314 3582 mis
336 3508 373 3584 dt
390 3504 554 3584 affinibus
569 3501 823 3607 congerendis,
837 3505 937 3603 cujus
954 3505 1135 3578 rationem
1150 3502 1226 3604 ipse
1237 3503 1339 3580 addit
1354 3503 1407 3612 (r)
1422 3513 1467 3586 dc
1478 3513 1704 3590 ὑπαὶλόττειν
1720 3506 1884 3611 damea,

245 3626 286 3680 ut
301 3604 571 3682 subalternantia
584 3627 645 3682 aut
661 3627 891 3680 transmutata
904 3607 941 3678 in
955 3603 1130 3680 orationis
1144 3597 1268 3680 habitu
1282 3607 1456 3683 variando
1481 3602 1677 3697 habeamus
1700 3615 1755 3714 (2)
1770 3651 1828 3716 m
1845 3617 1885 3700 la

242 3707 359 3792 drusa
373 3700 415 3784 ola
430 3697 603 3797 δηλωθείη,
616 3727 657 3780 ut
671 3701 739 3778 lint
755 3701 883 3781 scilicet
895 3694 1067 3794 bauainai
1087 3703 1126 3778 dt
1142 3703 1401 3806 explanatorin,
1419 3709 1550 3806 quibus
1571 3713 1610 3787 in
1624 3717 1883 3818 periphralibus

185 3813 230 3892 35
248 3803 286 3880 dt
301 3801 672 3882 circumduslionibus
689 3823 844 3881 utamur.
920 3811 942 3858 4
966 3805 1024 3882 Ac
1041 3801 1176 3901 seneli
1197 3827 1334 3880 vocum
1359 3806 1520 3886 delestus
1542 3815 1653 3916 origo
1676 3821 1882 3916 eloquentia

245 3901 310 4084 lest,
339 3905 524 4020 deleduna
550 3905 662 3988 illum·
676 3927 759 4009 cum
794 3929 882 3991 cura
909 3901 1187 3984 &collectione
1218 3904 1378 4004 quadam
1409 3906 1543 4018 militm
1573 3911 1710 4019 debete
1740 3919 1813 4022 ipsa
1830 3943 1880 4000 tes

259 4027 420 4114 aaaron.

879 4210 1259 4346 mersam
