3910 5234
214 243 307 333 '728
777 181 943 320 Polyhist'.
976 213 1126 298 literar.
1178 209 1255 292 sib.
1269 206 1336 290 IV.

53 421 56 428 .
145 413 154 422 .
209 397 456 486 ,Germanice
485 409 636 492 quoque
659 381 799 489 postea,
823 384 886 460 sub
914 383 1151 488 Taclygraphr'ae
1172 383 1315 482 Titulo,
1337 379 1481 460 editam.
1553 379 1638 458 Nec
1650 381 1768 459 minor
1781 383 1862 486 apud

78 495 84 521 ἱ
235 503 298 578 An
327 500 383 577 1⁰9
403 489 720 595 Cfl'l'fflgfflphlae
737 487 890 570 inbellis
904 488 1090 588 praecipue
1113 485 1279 559 civilibus
1293 506 1370 560 erat
1384 482 1466 559 usus
1505 480 1634 558 modo·
1676 486 1863 586 etciphras,

236 525 354 679 modo
373 615 560 698 pernotus
574 589 656 664 alias
676 585 768 662 sada
780 584 994 688 scriptione:
1022 586 1079 659 cui
1094 607 1215 660 tamen
1234 585 1392 660 multum
1405 541 1525 659 obsuit
1539 508 1708 684 opposta
1729 584 1775 658 ilfi
1792 591 1865 656 Dect-

229 705 386 804 frutuosa,
404 710 847 792 quam1vocant,ars,quae
865 710 911 764 ex
929 682 1178 762 chanuerum
1196 682 1320 782 dusiu,
1335 683 1538 782 frequentia
1567 685 1605 760 dt
1626 707 1723 760 nexu
1746 684 1828 760 inter
1840 683 1867 759 se

240 823 371 878 eorum
385 791 478 871 sensa
493 789 637 870 occulta
653 784 855 890 investigat,
871 785 896 860 st
912 784 1163 886 Alphabetum
1180 781 1331 886 quidem
1348 781 1391 861 lit
1406 781 1643 881 ordinarium,
1660 784 1699 860 dt
1713 779 1867 860 tharasio
1932 813 1933 818 ¹

204 945 206 952 ,
241 925 298 978 res
312 900 474 1000 linguam
499 890 687 994 cognitam
702 909 746 962 ex
778 889 918 962 rimant.
971 883 1151 984 (Multum
1170 883 1352 986 imprimis
1369 884 1482 960 valuit
1491 884 1548 960 illa
1560 882 1868 986 attesupersteshn

239 997 372 1097 dieque
387 991 717 1084 virceleberrimus,
735 912 774 1062 ἕ
795 989 833 1062 in
844 985 997 1060 scientiis
1011 983 1278 1059 Mathematicis
1291 984 1396 1084 plane
1414 983 1717 1086 incomparabilis,
1725 987 1796 1082 Jol.
1808 989 1868 1056 Wal-

239 1104 330 1199 ltstus‚
347 1097 447 1194 cujus
464 1102 573 1168 manu
592 1087 659 1164 scri
689 1109 762 1162 tam
777 1084 949 1183 vidimus,
970 1083 1029 1160 seu
1050 1086 1175 1186 potius
1196 1081 1389 1184 enodatam
1413 1084 1464 1158 Le
1514 1086 1541 1158 ti
1562 1083 1748 1160 cu‘usdam
1763 1083 1869 1160 Gallici

240 1198 477 1290 adPolonoS,
493 1189 636 1281 March.
651 1113 941 1284 dethunenstsAE
971 1181 1122 1282 istolam,
1138 1185 1249 1260 meris
1261 1183 1456 1260 numetisa
1483 1207 1528 1258 eo
1542 1109 1698 1260 abllruse
1713 1173 1867 1286 scriptam,

238 1322 280 1376 ut
298 1292 559 1372 inextricabiles
573 1286 766 1362 videantur
783 1211 995 1386 labyrintldi,
1011 1307 1031 1359 e
1047 1284 1178 1382 quibus
1192 1304 1312 1359 tamen
1327 1284 1387 1358 vir
1409 1281 1540 1359 dusius
1564 1283 1599 1359 se
1621 1295 1720 1360 miro
1741 1282 1868 1362 artificio

241 1395 415 1499 expedit.)
440 1390 570 1467 Editus
585 1411 737 1485 quoque
749 1386 841 1461 hanc
855 1387 894 1460 in
907 1409 991 1459 tem
1002 1383 1164 1460 Gallicus
1174 1379 1322 1481 quidam
1334 1383 1425 1458 libet
1442 1381 1501 1457 est.
1551 1383 1671 1457 L’intcr
1711 1384 1871 1458 contundo

240 1498 377 1593 clnffres,
393 1492 471 1566 tirt't
487 1493 526 1564 de
538 1488 671 1562 l'Itolion
684 1487 728 1558 du
739 1489 772 1558 S.
786 1491 861 1560 Ant.
872 1489 981 1556 Morio
994 1482 1090 1588 Caspi,
1101 1487 1276 1556 Stcretalrt
1289 1485 1332 1556 du
1342 1481 1456 1556 Grond
1461 1489 1533 1554 Duc
1546 1485 1585 1556 de
1603 1405 1871 1584 Tossngaugm

129 1604 139 1640 ›
241 1599 289 1672 re'e
308 1593 352 1672 ὅ
364 1591 575 1667 accommodr'e
586 1584 909 1692 particularement‘l
925 1584 1036 1685 sufigc
1048 1586 1103 1656 des
1122 1587 1246 1684 langues
1266 1581 1429 1684 Frongoisc'
1447 1581 1491 1657 ds
1503 1582 1779 1758 {pommus
1787 1591 1871 1676 1641,

240 1701 278 1774 in
293 1709 324 1783 8·
376 1692 534 1768 Memini
555 1703 701 1764 mecum
726 1684 915 1785 quondam
937 1685 1249 1760 communicatum
1272 1682 1318 1756 ab
1341 1687 1483 1759 Aurato
1527 1683 1642 1782 'quite
1662 1683 1775 1759 Scuto
1798 1705 1872 1780 quo·
1933 1713 1934 1782 p

243 1795 328 1872 dam
342 1791 536 1869 milleium
552 1788 711 1890 Stegano
741 1781 1177 1886 raphicum,ips1magn0
1217 1783 1311 1858 retio
1332 1805 1598 1884 comparatum,
1624 1780 1727 1880 quod
1749 1779 1873 1856 decisu-
1933 1793 1934 1882 l

243 1897 335 1971 tioni
349 1891 556 1966 obnoxium
574 1909 689 1961 none
718 1908 763 1961 et.
815 1882 859 1958 ld
875 1907 967 1988 Ι1111
981 1879 1109 1983 postea
1126 1883 1164 1957 in
1214 1881 1461 1985 havmaturgo
1478 1881 1634 1980 Schotti,
1649 1883 1711 1958 vel
1726 1868 1873 1982 Pitylico,
1933 1901 1934 1916 ¹

242 1993 302 2068 uel
319 1985 834 2156 Mathematic0,publicatum
851 1985 987 2059 inveni.
1011 1982 1070 2059 De
1090 1980 1398 2086 Cryptographia
1410 1984 1657 2062 recentiorum
1675 1981 1874 2059 Graecofum

241 2094 320 2170 Leo
343 2088 495 2165 Allatius
511 2083 585 2186 epil
602 2084 699 2160 olam
715 2083 760 2159 ad
777 2082 860 2160 Car.
885 2083 1093 2158 Moronum
1111 2078 1257 2183 scripstt.
1331 2137 1334 2142 .

185 2317 203 2392 5
358 2284 544 2363 Nondum
559 2304 682 2360 tamen
695 2284 734 2356 in
754 2281 811 2357 his
826 2279 1051 2357 occultarum
1074 2276 1314 2380 scriptionum
1333 2279 1504 2380 inventis,
1520 2277 1721 2358 doctorum
1735 2301 1876 2381 quorun·

244 2389 330 2466 dam
344 2383 454 2463 solers
470 2386 506 2459 in
537 2385 659 2458 eninm
678 2383 869 2480 acquievit.
919 2380 1091 2481 Amplius
1112 2375 1293 2480 progrelst
1313 2376 1493 2456 beneficio
1515 2378 1765 2460 charasterum
1784 2379 1876 2474 iliius

243 2487 347 2566 modi
362 2489 494 2562 univer
507 2485 599 2558 alem
610 2481 776 2596 ¹linguam
795 2479 913 2556 moliti
927 2477 1018 2578 sunt,
1031 2481 1082 2553 ita
1096 2479 1281 2577 nimirum,
1294 2497 1335 2552 ut
1350 2477 1470 2580 pistos
1485 2483 1522 2556 in
1536 2479 1658 2556 charta
1673 2479 1875 2559 charasteres

165 2617 171 2626 ·
241 2609 471 2686 unaquaque
483 2605 575 2686 gens
592 2601 710 2684 patria
722 2579 980 2754 linfiua'legere
991 2576 1218 2676 reddereqne
1232 2575 1351 2680 possit.
1403 2577 1466 2654 Est
1483 2581 1548 2679 qui
1560 2579 1634 2656 hoc
1646 2579 1769 2658 saxum
1785 2581 1877 2683 inpri-

242 2692 314 2764 mis
330 2711 388 2764 ma
417 2709 468 2759 no
483 2702 618 2758 conatu
639 2680 758 2756 volvit
812 2679 920 2782 nglus
935 2679 1109 2781 scriptor,
1136 2678 1309 2754 Gnoso.
1344 2676 1680 2780 Dantonnuus,
1716 2683 1811 2780 cujus
1828 2680 1875 2753 hic

157 2815 161 2822 ·
245 2787 336 2862 liber
351 2710 544 2885 splendido
559 2779 761 2856 admodum
783 2779 890 2855 ritulo
926 2781 965 2854 in
987 2779 1105 2854 lucem
1126 2776 1285 2880 prodiit:
1308 2784 1372 2849 Ars
1391 2783 1584 2880 signorum:
1604 2784 1711 2882 11131,
1735 2780 1876 2856 chordo

152 2892 156 2905 '
244 2887 424 2985 totlvtrfitlt's
438 2879 481 2958 ὥ*
494 2886 599 2982 lingua
606 2880 820 2983 philosophica,
857 2905 897 2950 uo
909 2898 1062 2980 poterunt
1079 2881 1217 2951 'hommes
1230 2876 1491 2978 divcrssfflmorum
1508 2881 1801 2986 idiontatumspatio
1816 2881 1876 2953 do·
1934 2943 1935 2966 ,

244 3013 318 3060 rum
328 2985 577 3088 septimmrum
594 2990 696 3050 omnia
708 2988 803 3050 animi
806 2907 860 3078 sss
865 2977 955 3077 senso
971 3004 1033 3049 non
1044 2988 1146 3048 minut
1162 2977 1402 3079 intelligibiliter,
1420 2981 1484 3077 flue
1491 2977 1674 3078 scribendo,
1687 2983 1752 3080 stoc
1771 2983 1875 3082 loquen-
1934 2975 1935 3020 l

102 3113 109 3129 ‘
245 3089 296 3168 do,
317 3103 426 3153 murtro
439 3087 674 3163 communicant,
690 3103 787 3180 quam
797 3081 909 3177 linguis
923 3085 1060 3179 propriit
1072 3077 1255 3148 ammoto.
1308 3081 1461 3151 Pratum
1484 3081 1555 3150 hinc
1572 3087 1668 3152 etiam
1709 3087 1873 3176 oteruntjo·

245 3209 338 3256 venes
351 3178 543 3280 Philosophia
553 3185 724 3280 principia,
747 3173 790 3251 Θ*
806 3201 916 3248 veram
931 3182 1046 3276 Logicae
1054 3184 1184 3278 proxim
1208 3184 1301 3248 citius
1321 3171 1365 3252 ss
1372 3180 1503 3273 facilius
1516 3181 1616 3252 ntulto
1633 3103 1785 3266 imdlcre,
1799 3205 1875 3282 quon

244 3309 287 3355 ex
301 3279 481 3382 vulgaribus
498 3275 893 3379 Philofhphorumscrsptis.
945 3275 1108 3351 Londini
1129 3282 1231 3350 1661.
1245 3277 1283 3351 in
1301 3289 1332 3363 3.
1381 3275 1453 3351 Sed
1472 3275 1646 3380 scriptum
1681 3281 1756 3358 hoe
1775 3277 1872 3354 erudi·

244 3383 386 3456 tionem
400 3376 656 3453 assederam&
701 3377 945 3480 adagogeum
967 3377 1075 3451 nimis
1094 3375 1195 3467 olere,
1207 3373 1344 3474 judicat
1365 3375 1602 3454 Becmannus.
1651 3379 1789 3457 Praeter
1800 3401 1873 3453 veto

244 3480 511 3558 Dahloarnium
536 3476 630 3572 Jort.
656 3403 837 3552 ld'trtttu
851 3497 888 3574 s,
914 3474 1124 3550 membrum
1136 3475 1320 3551 Societatis
1336 3473 1463 3591 Regiae
1485 3477 1523 3552 dt
1545 3476 1670 3579 postea
1692 3477 1874 3582 Episcopus

244 3545 466 3674 Cestssensts,
480 3576 582 3652 aliam
598 3575 895 3677 philosophicam
909 3574 1090 3674 quandam
1104 3576 1266 3678 linguam
1281 3579 1421 3650 invenit
1437 3575 1475 3652 dt
1494 3576 1750 3678 charaderem,
1768 3577 1873 3679 etigr

242 3681 293 3756 ris
306 3675 572 3752 Mathematicis
592 3679 866 3754 concinnatum:
891 3675 1001 3748 Liber
1020 3673 1175 3778 Anglica
1189 3672 1312 3778 lingua
1324 3674 1475 3776 scriptus
1491 3673 1632 3778 prodiit
1645 3679 1764 3754 Lond.
1791 3685 1867 3762 1668.

244 3775 366 3854 insol.
385 3776 458 3849 hoc
474 3774 604 3851 titulo:
630 3782 679 3847 An
692 3773 748 3875 Eff
797 3776 936 3848 toluarclt
956 3779 1058 3846 areos
1071 3773 1244 3859 character,
1259 3776 1326 3847 md
1337 3799 1357 3846 a
1372 3775 1654 3879 Philofirphicallan
1676 3807 1763 3880 uago.
1810 3774 1871 3851 Ad·

241 3873 399 3954 modum
411 3896 504 3949 vero
518 3872 694 3976 operosus
709 3801 776 3950 alsy
777 3877 815 3951 in
829 3875 936 3950 rebus
951 3873 1216 3950 naturalibus&
1229 3889 1305 3949 arte
1318 3873 1419 3952 fauts
1432 3877 1494 3952 sub
1504 3876 1580 3952 suas
1597 3879 1648 3953 cla
1676 3901 1713 3955 es
1727 3878 1871 4050 re'dipen·

241 3977 311 4077 dis,
327 3999 409 4075 quae
424 3997 540 4075 opera
559 3977 597 4049 in
617 3975 683 4050 illo
697 3973 870 4050 laudanda
882 3971 942 4049 est.
990 3973 1085 4049 Inest
1102 3976 1201 4047 enim
1216 3969 1326 4076 signis
1340 3997 1523 4075 rerum,ut
1537 3975 1619 4053 sunt
1634 4001 1801 4076 voces,ea
1824 3999 1870 4048 ern

239 4073 383 4174 divisio,
397 4099 480 4172 quaa
499 4073 607 4149 rebus
621 4071 724 4176 ipsts:
748 4072 837 4149 inest
860 4096 978 4175 porro
1003 4071 1088 4175 ipsts
1112 4071 1265 4148 vocibus
1284 4095 1402 4152 certus
1420 4075 1571 4174 quidam
1593 4075 1631 4153 δι
1654 4075 1727 4154 inse
1773 4075 1871 4152 rabilis

239 4173 433 4272 enatasset,
447 4198 470 4272 ¹e
488 4197 566 4271 quo
580 4172 767 4273 dijudicari
782 4195 858 4250 tota
870 4176 994 4276 lingua
1006 4170 1185 4274 potest,&
1199 4197 1294 4273 pene
1309 4175 1559 4253 mathematica
1584 4172 1723 4252 demon
1752 4177 1870 4251 ratione

241 4273 521 4376 fignificationes
533 4271 682 4350 deduci:
708 4275 766 4348 ille
781 4271 963 4348 charasier
977 4273 1062 4348 latet
1078 4275 1116 4347 in
1137 4269 1219 4347 solis
1242 4276 1578 4376 terminationibus,
1602 4301 1684 4374 quoe
1704 4271 1869 4376 quastsor·

241 4395 340 4450 mum
354 4373 559 4480 largiuntur
571 4372 767 4475 vocabulis,
788 4395 830 4452 ut
844 4394 951 4453 certae
965 4370 1132 4474 quaedrm
1146 4369 1383 4455 consonantes
1406 4377 1594 4456 materiam
1608 4373 1675 4480 ipsi
1688 4378 1780 4476 uoci,
1793 4369 1869 4448 radi·

1701 4491 1867 4546 ’ίὸ
