3970 5236
18 745 23 757 ’
104 725 368 826 prehenderem.
419 723 525 800 Hanc
535 749 619 798 cum
634 721 680 798 de
695 744 729 799 te
741 722 803 798 vel
815 723 936 824 cogita

475 261 481 272 ·
568 253 672 372 *Can
691 247 791 335 XIV.
836 247 1012 354 Exempla
1030 249 1276 335 mitratorum.
1382 206 1391 223 ·
1506 217 1510 225 Ι
1658 189 1765 364 'ddi

198 429 335 500 Vas-lario
348 447 382 518 4.
406 423 465 502 Eo
481 421 648 500 libentius
662 445 738 501 tuas
755 425 971 525 complexus
980 419 1058 498 sum
1074 423 1206 522 literas,
1215 445 1293 522 quo
1304 421 1376 501 illae
1393 427 1431 501 in
1446 399 1749 510 memorianostri

105 525 275 628 pleniores
293 524 556 622 uberioresque
581 523 692 602 suere.
707 523 808 598 Huic
822 526 942 598 amori
954 543 1019 598 tuo
1037 544 1079 599 ut
1099 522 1334 601 constantiam
1350 525 1514 625 adderes,
1527 553 1698 632 rogarem
1718 531 1748 612 fi

105 627 201 700 ullam
214 629 251 699 in
273 647 308 700 te
324 623 601 700 inconstantiam
623 621 1019 796 dissimilitudinemscpue
1038 643 1163 698 rerum
1185 624 1225 699 dt
1247 619 1482 700 consiliorum
1502 651 1664 726 unquam
1685 593 1747 708 de·

963 721 1177 822 cpiaculum
1190 722 1301 824 foret,
1317 747 1395 821 quo
1409 724 1612 804 verborum
1623 751 1747 810 tamen

102 840 242 928 pompae
256 822 412 924 satisfiat,
427 845 469 898 ut
483 847 543 898 me
565 843 806 923 por1·oameS‚
821 841 994 922 rogatum
1008 821 1109 896 volo.
1187 899 1191 910 ,
1584 863 1621 888 ·.
1732 883 1740 892 ..
1829 893 1835 898 ,

194 931 335 1010 Variana
353 949 383 1022 5.
408 920 708 1026 Magnauffestus
722 925 775 996 tui
789 922 845 996 vis
870 935 915 994 ex
933 918 1081 1020 epistola
1094 942 1154 994 tua
1170 921 1304 1018 elucet;
1330 924 1444 1000 multa
1464 923 1534 999 illic
1554 923 1605 1000 est
1629 927 1744 1005 nostri
1772 1011 1775 1016 ,

104 1027 282 1122 memoria,
297 1045 339 1098 ut
354 1023 444 1098 nihil
453 1022 537 1096 fieri
549 1023 713 1121 potuerit
735 1019 962 1118 honoratius,
983 1017 1186 1114 nihilmihi
1202 1021 1374 1100 acciderit
1393 1023 1598 1122 jucundius.
1640 1029 1744 1104 'Non

104 1126 167 1198 levi
178 1120 328 1199 fortassis
343 1143 378 1196 te
395 1117 577 1198 effecerim
591 1121 730 1218 injuria,
747 1115 774 1192 li
789 1122 963 1289 rogarim,
979 1138 1020 1193 ut
1032 1118 1071 1194 in
1083 1115 1151 1196 isto
1166 1147 1292 1198 amore
1305 1123 1533 1225 perseveres:
1558 1126 1743 1204 levitatem

105 1226 191 1298 enim
207 1225 243 1297 in
259 1244 295 1298 te
319 1217 556 1299 amantiffmo
570 1223 643 1293 mei
655 1220 739 1295 viro
753 1241 839 1292 accu
854 1221 905 1290 ari
918 1216 1084 1292 viderer.
1125 1221 1239 1325 Rogo
1254 1245 1290 1298 te
1310 1243 1443 1322 tamen,
1462 1243 1569 1321 utque
1584 1222 1669 1302 ideo
1683 1249 1742 1302 ro-

17 1367 18 1378 .
56 1368 60 1378 ·
104 1339 159 1425 go,
180 1347 225 1398 ne
246 1325 439 1420 quicquam
456 1317 501 1394 ab
517 1340 643 1394 amore
659 1318 830 1394 consueto
845 1315 1191 1396 alienumadmisrffe
1209 1320 1344 1397 videar.

17 1431 19 1438 “
136 1461 139 1468 -
194 1427 387 1498 Variana.
412 1417 612 1494 Mirificam
636 1417 868 1506 eliteristuis
887 1419 1010 1518 accepi
1027 1419 1278 1594 voluptatem,
1303 1421 1407 1519 quod
1429 1425 1468 1497 in
1488 1423 1666 1510 memoria
1683 1441 1744 1503 tuo

104 1522 235 1621 penitus
257 1545 399 1598 nomen
425 1516 591 1594 nostrum
612 1515 771 1594 insedisse
799 1515 1008 1619 intelligam.
1058 1517 1115 1591 Ni
1145 1522 1168 1594 il
1189 1523 1301 1622 igitur
1321 1542 1398 1598 tota
1421 1526 1644 1626 cogitatione
1663 1549 1744 1604 meu

104 1621 417 1717 vehementiusque
436 1618 656 1720 optaverim,
672 1634 780 1714 quam
794 1635 847 1714 ut,
863 1615 1007 1712 qualem
1024 1636 1059 1691 te
1075 1615 1249 1694 haetenus
1269 1619 1464 1720 ostendisti,
1479 1622 1551 1710 sem
1582 1646 1622 1696 er
1636 1623 1747 1700 nobis·

104 1723 249 1820 prestes,
263 1719 302 1796 dt
318 1720 436 1816 amori
451 1715 576 1792 nostro
596 1714 799 1794 insenescas.
851 1713 943 1814 Quo
959 1713 1022 1790 etsl
1036 1738 1302 1820 tearguerc,ut
1317 1743 1454 1824 vagum
1470 1649 1743 1820 instabilemque

106 1817 229 1918 videar,
247 1842 287 1895 tu
305 1840 427 1895 tamen
439 1816 633 1917 benignius
646 1817 850 1892 amicorum
865 1835 952 1890 vota
971 1816 1278 1916 interpretaberis,
1321 1823 1386 1917 qui
1405 1823 1443 1894 in
1466 1817 1533 1896 isto
1555 1821 1742 1900 literarum

105 1922 318 1995 commercio
333 1913 553 2000 ambitiosius
566 1919 605 1992 in
625 1913 753 1991 officiis
771 1913 806 1992 se
819 1913 1319 2014 provocareconsueverunt.
1400 1907 1405 1930 ⁸
1740 1949 1749 1962 ·

195 2024 337 2090 Variatr'o
356 2044 390 2111 7.
415 2013 454 2093 O
470 2039 538 2094 nos
553 2015 686 2112 felices,
711 2016 776 2112 qui
788 2013 902 2090 literis
922 2015 991 2090 tuis
1010 2039 1089 2090 non
1106 2015 1224 2090 solum
1246 2017 1430 2116 honorati,
1450 2015 1511 2094 sed
1526 2016 1649 2097 studiis
1664 2003 1742 2096 offi'·
1829 2039 1833 2050 ’
1952 2047 1953 2056 “

105 2121 228 2218 ciisque
244 2121 315 2194 ruis
331 2113 452 2192 ornati
467 2113 604 2191 sumus!
645 2113 749 2212 quod
765 2113 790 2188 li
805 2111 850 2187 ad
866 2113 963 2186 hunc
982 2112 1191 2190 officiorum
1205 2117 1391 2192 cumulum
1439 2120 1615 2194 erenuitas
1631 2139 1744 2196 acces

104 2219 188 2320 serit,
203 2221 359 2294 omniaa
374 2237 410 2291 te
429 2213 587 2290 habebo:
612 2213 673 2288 sed
688 2238 818 2314 parum
832 2211 1089 2313 circumspes'te
1102 2213 1310 2290 habiturum
1329 2221 1388 2290 me
1404 2143 1501 2315 dicu,
1517 2221 1580 2316 qui
1604 2217 1743 2315 jamdu-

17 2331 19 2344 '
106 2317 184 2394 dum
197 2321 235 2396 in
249 2311 488 2420 plenilsrmam
504 2317 614 2392 animi
632 2317 685 2390 tui
701 2309 953 2414 pollellionem
969 2309 1108 2418 missus,
1118 2333 1317 2412 nunquam,
1331 2313 1396 2389 nist
1415 2320 1623 2392 temeritatis
1640 2340 1675 2392 te
1690 2343 1743 2393 ac-

17 2457 19 2500 t
106 2418 224 2518 casem,
239 2417 325 2493 inde
339 2416 418 2514 ejici
434 2411 574 2515 poffim.
624 2413 735 2492 Dabis
753 2435 872 2487 tamen
886 2411 1043 2508 veniam,
1057 2409 1084 2484 fi
1102 2435 1149 2484 ex
1162 2431 1269 2488 more
1282 2415 1465 2490 literarum
1476 2415 1680 2514 iterumque
1695 2437 1751 2516 te,

17 2523 19 2592 J
106 2542 141 2594 ut
153 2521 194 2594 in·
201 2542 328 2596 amore
342 2511 562 2618 perseveres,
576 2513 798 2618 rogaverim.
822 2509 937 2586 Paulo
950 2511 1048 2584 enim
1064 2509 1311 2588 meticttlofior
1323 2513 1364 2590 'dt
1380 2504 1623 2609 aspidibus
1639 2539 1744 2592 amor

17 2629 19 2656 ’
106 2618 166 2696 elle
179 2617 277 2698 solet.

212 2725 353 2790 Ver-latio
372 2731 404 2804 8.
424 2716 461 2789 Si
479 2714 569 2814 quid
589 2737 712 2788 rerum
726 2733 890 2785 mearum
901 2728 1047 2809 gratum
1062 2709 1156 2782 mihi
1175 2735 1335 2808 unquam
1358 2709 1436 2810 fuit,
1459 2734 1501 2787 ut
1528 2711 1661 2794 ἔπαινος
1680 2707 1747 2806 dd·

17 2789 18 2806 .
105 2847 153 2905 sor
172 2818 321 2918 δίκεσμω
334 2815 401 2891 elle
421 2815 522 2913 solet,
540 2807 630 2888 nihil
646 2811 722 2886 sane
746 2809 860 2908 magis
876 2831 935 2880 me
951 2809 1082 2906 movit,
1100 2833 1209 2905 quam
1229 2806 1435 2886 honorifica
1455 2809 1519 2886 ista
1536 2815 1650 2892 nostri
1670 2840 1745 2888 me-

103 2924 225 3019 moria,
239 2943 322 3016 quae
333 2921 370 2991 in
384 2917 496 2991 literis
512 2917 581 2988 tuis
596 2912 768 3014 pagiuam
781 2928 976 3006 utramque
989 2903 1081 2984 facit.
1131 2907 1235 3010 Qid
1251 2907 1563 3011 mihi‘optabilius,
1571 2913 1660 3010 quid
1674 2912 1745 2987 sua·

104 3023 190 3118 vius,
206 3043 317 3116 qnam
337 3037 378 3091 ut
394 3011 631 3090 firmillimam
660 3011 752 3085 hanc
776 3006 927 3081 habeam
951 3026 1051 3080 tuam
1075 3005 1377 3100 benevolentiam.
1426 3009 1616 3114 Rogarem
1630 3034 1678 3113 te,
1700 3033 1746 3106 ¹ut

103 3119 189 3196 hanc
203 3119 296 3194 mihi
311 3117 443 3212 serves,
457 3113 521 3188 nist
535 3111 689 3188 levitatis
703 3101 902 3210 suspicione
917 3107 1211 3278 tampraeclaram
1234 3109 1451 3208 opinionem
1472 3130 1570 3184 tuam
1590 3109 1747 3187 serirem.

103 3219 396 3322 Quoiamvvero
415 3215 532 3318 vulgo
545 3215 593 3288 ita
606 3197 686 3286 sieri
699 3205 799 3303 solet,
816 3228 869 3302 ut,
889 3209 953 3303 qui
967 3231 992 3280 0
1033 3208 1095 3282 ciis
1111 3228 1260 3306 certant,
1275 3207 1381 3280 etiam
1403 3207 1604 3310 verborum
1624 3210 1750 3312 prodi·

103 3315 231 3422 gielse
255 3315 409 3416 soleant,
425 3336 473 3413 te,
498 3334 539 3412 ut
564 3310 686 3388 favere
711 3307 804 3383 mihi
828 3329 946 3404 porto
974 3305 1075 3404 velis,
1101 3330 1177 3381 non
1202 3329 1301 3414 rogo
1323 3302 1459 3406 solum,
1484 3332 1617 3385 verum
1641 3312 1750 3388 etiam

106 3417 261 3494 obsecro.
409 3465 412 3470 »
1571 3437 1572 3440 ¹

195 3521 338 3588 Variarr'o
356 3538 389 3607 9.
413 3507 512 3584 Vide
535 3527 666 3606 quanta
680 3507 719 3580 in
735 3521 771 3579 te
784 3502 827 3578 sit
843 3499 1006 3598 suavitas,
1021 3503 1085 3598 qui
1100 3527 1177 3578 non
1196 3501 1313 3577 literas
1329 3523 1467 3581 tantum
1482 3505 1749 3604 humanissimas
1809 3495 1812 3500 ¹

107 3617 193 3692 mihi
212 3611 352 3710 dedisti,
367 3609 426 3685 scd
442 3631 499 3684 tot
513 3571 678 3682 iaudibus
693 3626 869 3705 praererea
887 3599 1049 3703 ignobile
1065 3625 1204 3676 nomen
1213 3599 1383 3677 nostrum
1397 3610 1567 3706 cumulas,
1599 3630 1641 3684 ur
1658 3609 1747 3684 mihi

108 3741 200 3794 nunc
215 3712 284 3815 ip‘fi
302 3711 443 3812 placere
463 3709 646 3807 incipiam,
661 3701 853 3804 postquam
867 3697 966 3801 apud
981 3721 1016 3773 te
1031 3720 1105 3802 tpm
1122 3699 1323 3802 gratiosum
1338 3703 1469 3780 meelse
1484 3703 1748 3810 intelligoSer'7

109 3839 150 3892 va
166 3815 259 3890 mihi
276 3813 375 3886 hunc
387 3809 550 3882 animum
569 3803 702 3878 laruam
717 3805 987 3903 integrumque,
1003 3801 1062 3873 vir
1075 3802 1246 3904 maxime.
1308 3801 1380 3876 Sed
1397 3829 1528 3904 parum
1546 3829 1619 3906 ego
1647 3829 1746 3882 catus

109 3935 234 3990 orator
246 3909 293 3985 ad
309 3933 345 3986 te
360 3910 485 4005 venio,
501 3905 573 4004 qui,
591 3903 736 3977 comita
751 3923 861 4001 rogo,
879 3897 968 3972 laesae
989 3900 1153 3974 amititiae
1167 3923 1249 3976 reus
1268 3899 1387 3979 videri
1401 3926 1579 4003 poteram,
1593 3903 1682 3979 dum
1695 3907 1747 3979 su·

109 4013 258 4115 spicioni
272 4007 431 4084 levitatis
442 4028 503 4080 aut
522 3997 769 4078 inconstantiae
787 4000 911 4073 locum
927 3995 1025 4098 apud
1038 4021 1098 4072 me
1115 3999 1298 4096 reliquum
1312 3998 1379 4074 esse
1396 4000 1558 4077 ostendo.
1600 4003 1681 4078 Eris
1695 4025 1748 4100 tu,

17 4127 18 4134 ’
109 4114 166 4187 vel
182 4135 260 4186 non
278 4127 441 4209 rogatus,
458 4101 590 4180 noster.
613 4139 615 4146 v
642 4099 779 4196 Neque
799 4119 919 4172 tamen
935 4095 1000 4168 bas
1010 4119 1138 4196 preces
1153 4093 1302 4198 nostras,
1319 4097 1395 4176 stre
1415 4097 1748 4204 rogavero,ins1ni·

108 4209 216 4286 liram
230 4229 374 4310 partem
389 4205 525 4306 rapies:
553 4199 646 4276 facio
669 4203 778 4294 enlm,
792 4193 894 4294 quod
910 4196 945 4293 ii,
960 4197 1025 4291 qui
1036 4197 1206 4272 amicitias
1221 4197 1399 4296 ambiunt,
1416 4197 1531 4273 facere
1557 4197 1684 4300 solent,
1708 4221 1750 4275 ut

108 4309 277 4413 precibus
295 4303 493 4401 verbisque
508 4298 727 4394 obmndant,
745 4293 942 4392 studiisque
963 4292 1134 4369 omnibus
1152 4318 1317 4370 amorem
1338 4296 1596 4374 oblandiuntur.

211 4413 354 4480 Varvaria
375 4427 430 4478 ro.
448 4401 544 4477 Non
555 4399 782 4474 mediocrem
798 4397 924 4470 animo
944 4393 1286 4495 voluptatem-cepi,
1303 4421 1387 4469 cnm
1400 4403 1476 4472 t'nas
1492 4398 1576 4494 leod,
1595 4417 1652 4476 tot
1667 4401 1752 4496 ami·

110 4511 198 4587 citiae
209 4531 283 4585 tuae
293 4502 493 4589 cumulatos
501 4498 741 4590 documentis.
752 4496 876 4597 Qum
893 4494 969 4668 hisP
966 4490 1103 4570 favoris
1115 4493 1168 4567 tui
1176 4491 1325 4592 tropaeis
1336 4465 1553 4596 triumplroi
1568 4493 1754 4601 litigarem

966 4615 1043 4690 pp
1071 4617 1090 4665 2
1722 4619 1758 4670 te
