3980 5236
430 286 509 389 Cap.
531 279 571 361 X
572 285 630 364 VI.
655 283 715 362 De
729 281 964 386 Sertptoribus
982 286 1113 363 adrem
1125 283 1308 370 librariam
1327 285 1424 378 ue„
1663 295 1750 384 ης·

78 452 146 532 lunt
192 455 284 529 atei.
340 451 477 548 Judicia
490 456 694 558 interponit
708 452 755 530 de
769 453 972 531 Autoribus
986 452 1081 556 saepe
1096 452 1477 552 temeraria'&'futilia,
1514 451 1665 552 nequid
1685 451 1736 531 de

79 553 141 630 mal
189 554 329 630 icentia
342 553 418 652 ejus
433 555 561 653 dicam,
594 577 665 652 qua
678 551 1021 660 virosdolliffimos
1042 554 1137 656 saepe
1151 558 1254 662 impu
1284 576 1354 652 nat,
1379 555 1565 655 praecipae
1580 553 1732 633 Germa·
1883 600 1886 616 ·

83 678 160 748 uos;
183 653 198 725 i
227 649 257 725 st
300 671 426 749 uoque
441 651 577 732 Photio
592 679 669 730 non
683 656 811 826 platcit,
837 655 875 728 in
900 677 976 750 quo
992 675 1087 730 taxet
1103 656 1251 728 nimiam
1299 652 1450 728 lutarc'hi
1470 649 1729 750 recensionem,

84 754 181 829 cum'
210 749 266 826 ud
314 749 403 826 odio
414 751 539 828 fecerit
553 755 692 828 autori
719 777 748 828 e.
821 751 920 855 Qiae
939 756 1037 830 enim
1061 777 1138 844 non
1157 751 1238 828 sunt
1258 753 1296 826 in
1315 751 1510 828 Plutarcho
1536 771 1664 828 notatu
1679 749 1732 826 di·
1830 785 1832 788 ·
1975 737 1976 806 ]

85 849 174 956 gna?
224 851 266 924 in
285 847 419 948 quibus
440 853 687 953 prolixitatem
708 852 784 949 ejus
805 875 903 928 nunc
926 849 1074 950 quidem
1107 851 1269 928 damnari
1289 852 1457 952 ineptum
1480 848 1547 925 est:
1598 847 1733 928 namsi

85 947 235 1126 ppriillet
247 949 311 1036 ille
324 949 459 1048 Autor,
473 973 515 1026 ut
529 952 636 1028 multi
647 951 716 1048 alii,
740 975 852 1026 netno
865 977 943 1028 non
958 949 1025 1052 ipst
1046 948 1169 1054 egisset
1187 973 1337 1123 mFapnas
1404 953 1499 1025 arias.
1538 1032 1541 1042 ¹
1570 947 1730 1028 *Abbir
1754 962 1808 1029 w²5³

123 1049 301 1124 hilinuain
325 1049 463 1122 sileatra
467 1050 529 1138 stro
542 1053 700 1122 hominum
710 1053 922 1136 literatorum,
932 1048 1129 1126 invidenda
1144 1039 1196 1124 illi
1256 1049 1341 1150 ogia
1369 1046 1552 1149 uspeudit:
1574 1047 1635 1125 sed
1647 1047 1732 1124 Phi-

81 1149 106 1224 li
132 1173 201 1252 pus
218 1147 398 1226 Labbaeua
410 1147 541 1225 cestius
556 1148 604 1224 de
625 1173 671 1225 eo
690 1147 838 1224 format·
848 1148 1039 1248 judicium,
1058 1147 1228 1224 vocando
1250 1147 1410 1224 Sciolum
1425 1147 1679 1224 Florentinum
1693 1150 1732 1226 in
1804 1175 1807 1182 ·

81 1175 173 1325 usto
192 1249 270 1348 ejus
283 1249 322 1320 de
339 1247 763 1350 Smproribusdcclestaflicis
772 1266 879 1350 pam.
891 1251 956 1347 qui
970 1248 1016 1324 de
1032 1247 1141 1324 rebus
1154 1246 1220 1322 sthi
1233 1248 1380 1348 penitus
1393 1249 1530 1350 ignotis
1542 1245 1735 1347 judicium,

83 1373 154 1447 quo
171 1348 251 1424 fere
270 1345 413 1448 semper
430 1350 552 1446 caruit,
573 1345 669 1423 ferre
685 1347 828 1442 'voluit3
853 1350 892 1423 in
912 1347 1113 1448 quisquiliis
1136 1346 1378 1444 undequaque
1397 1344 1629 1422 comedendis
1644 1371 1731 1447 ope-
1822 1414 1835 1428 κ

80 1447 223 1524 tosumt
246 1446 321 1546 qui,
334 1468 427 1544 quot
443 1447 555 1521 verba
574 1445 723 1544 habeat,
745 1467 802 1521 tot
849 1447 1099 1548 ropemodum
1122 1444 1317 1522 mendacia.
1366 1440 1470 1520 ldet'n
1486 1448 1559 1522 inte
1588 1469 1671 1518 rum
1692 1445 1733 1520 li·

80 1547 188 1622 brum
207 1545 256 1621 de
277 1540 477 1620 Gaddianis
496 1545 781 1620 aberrationibus
802 1468 848 1619 sep
857 1546 1074 1650 scripturum
1102 1543 1325 1648 promiserat.
1399 1543 1547 1646 Scripfit
1560 1469 1733 1656 {iaddius'
1766 1603 1786 1650 Ι.

78 1671 173 1748 pene
188 1644 454 1720 Bibliothecam
471 1643 650 1722 librorum
666 1646 705 1718 in
720 1647 823 1720 vario
840 1644 1019 1720 dosltinae
1031 1669 1179 1748 genere,
1193 1666 1234 1720 ut
1248 1645 1364 1721 solent
1376 1645 1565 1742 homines,
1585 1665 1663 1740 quo
1678 1667 1732 1716 uu-

80 1747 242 1846 cptiores
257 1742 349 1840 sunt,
365 1765 411 1818 eo
428 1745 544 1846 magis
560 1741 628 1818 else
646 1745 881 1858 πολύγραφοι,
904 1747 968 1842 qui
991 1745 1122 1820 chattis
1142 1743 1296 1842 illinunt,
1348 1741 1496 1840 uicquid
1522 1742 1562 1817 in
1579 1741 1733 1817 buccam
1907 1827 1911 1839 Χ

79 1846 191 1920 venit.
245 1841 335 1942 Ejus
350 1839 479 1942 Opera
493 1839 651 1932 recenset
665 1842 875 1948 Gregorius
888 1844 981 1942 Leti,
994 1847 1297 2014 tratregnparrm
1310 1771 1400 1934 Ida
1450 1841 1663 1919 Occurrunt
1682 1861 1731 1921 ta.-
1752 1861 1756 1869 “

77 1965 163 2018 men
177 1943 286 2018 inhis
298 1940 471 2016 nonnulla
485 1940 609 2043 saepee
622 1941 739 2017 MStis
754 1963 875 2018 notata
910 1944 1047 2040 aliaque
1065 1943 1169 2018 curio
1182 1966 1260 2018 tora
1280 1940 1518 2046 superstitiosa
1544 1939 1730 2041 diligentie

80 2067 148 2118 con
201 2038 263 2142 lla,
287 2063 371 2139 quae
387 2042 482 2115 inter
496 2040 649 2118 totalias
662 2041 817 2143 meptias
835 2001 887 2117 ad
895 2040 976 2118 usus
997 2039 1141 2119 nostros
1156 2038 1568 2220 seponerepoliumua:
1598 2061 1639 2114 ut
1654 2037 1735 2114 nul

14 2161 16 2246 ζ
79 2141 134 2218 ¹¹¹³
170 2142 251 2217 ‘ber
271 2163 347 2217 tum
366 2140 481 2215 malus
497 2138 559 2238 est,
580 2138 707 2238 inquo
726 2139 863 2218 nonsit
881 2141 1017 2241 aliquid
1034 2142 1137 2221 boni.
1215 2141 1303 2222 uide
1319 2139 1512 2240 aliquando
1533 2161 1657 2217 mente
1677 2141 1753 2231 cas

14 2307 16 2384 ,
77 2262 197 2390 prum,
213 2239 378 2342 Gregor.
393 2238 475 2315 Leti
489 2237 609 2315 refert.
655 2240 765 2386 Εξιῃῑ
778 2241 818 2318 &
1231 2239 1236 2249 ·
1811 2265 1815 2272 ,

14 2463 18 2520 ι
178 2438 508 2517 auronum
557 2438 966 2540 Possavtau,
1015 2442 1195 2520 euocat.
1226 2427 1807 2541 Junaumtaaeueaaar

80 2541 383 2642 Apparatussacer:
407 2539 507 2638 cujus
526 2539 609 2612 Viri
620 2563 699 2614 non
712 2537 763 2614 est
777 2563 877 2639 aequa
890 2539 989 2642 apud
1003 2539 1136 2619 dolius
1149 2541 1346 2618 allinutio.
1394 2543 1507 2640 Sunt,
1543 2543 1609 2644 qui
1628 2540 1731 2614 illum

81 2641 116 2713 in
129 2640 266 2716 crelam
281 2639 403 2714 ferunt
417 2637 599 2732 laudibus3
624 2637 704 2714 sunt
743 2641 808 2736 qui
826 2639 928 2714 illum
950 2663 1035 2714 com
1065 2642 1243 2740 ilatorem,
1266 2667 1344 2717 non
1360 2641 1484 2716 multae
1505 2663 1601 2718 curae
1623 2635 1732 2736 &ju-
1778 2683 1781 2691 ·

83 2736 162 2850 dicii
178 2735 324 2815 habent.
375 2735 600 2814 Bibliotheca
621 2697 746 2813 telesia
769 2753 818 2822 18.
834 2737 934 2814 libris
957 2665 1104 2815 condat.
1150 2742 1269 2814 Multa
1291 2741 1352 2815 hic
1377 2739 1595 2854 pertinentia
1614 2735 1659 2810 ad
1678 2761 1732 2810 ra

14 2887 15 2960 p
82 2859 218 2912 nonem
241 2835 455 2933 studiorum,
471 2835 750 2912 &tellitetariae
766 2837 804 2910 in
823 2834 1042 2935 universum,
1057 2839 1260 2939 interponit
1274 2837 1418 2951 judicia,
1441 2863 1482 2911 1n
1495 2835 1735 2934 quibusmul-

82 2957 151 3012 tar
200 2935 371 3012 rehendit
383 2934 537 3031 Jacobus
554 2933 739 3024 Gaddius:
764 2933 918 3012 sednon
939 2939 1065 3038 magni
1083 2935 1289 3014 faciendum
1312 2936 1362 3011 est
1384 2960 1459 3036 eJus
1478 2933 1666 3036 judicium,
1690 2952 1734 3008 ut

84 3039 144 3134 qui
173 3033 347 3150 aepiffime
370 3037 516 3134 ineptus
531 3035 726 3148 'Amorum
744 3031 870 3110 censor
892 3033 952 3109 est.
1031 3037 1173 3111 Verum
1201 3037 1321 3112 tamen
1336 3035 1403 3135 est,
1440 3037 1545 3138 vagis
1559 3034 1598 3108 ilc
1616 3035 1731 3135 longe

85 3133 237 3232 quaesitus
253 3132 459 3208 exciurfibus
479 3131 629 3236 fatigare
644 3133 746 3208 illum
775 3132 939 3210 lelloree
987 3135 1079 3210 Sixti
1103 3133 1556 3215 Senensis-Bibliothecam
1574 3129 1751 3226 sanlhm'

84 3233 205 3380 poison
222 3233 376 3346 vellicat,
425 3257 481 3306 uae
498 3252 620 3307 tamen
639 3233 728 3308 viris
746 3219 956 3310 d'osliffimis
976 3235 1014 3308 in
1033 3237 1155 3410 pretio
1176 3234 1244 3331 est3
1282 3235 1425 3334 dequo
1447 3259 1517 3312 nos
1543 3233 1614 3311 alio
1634 3233 1730 3310 loco.

114 3259 425 3505 lipporumque?

411 3357 484 3404 acer
498 3331 636 3430 majore
650 3333 687 3404 in
704 3335 826 3445 pretio
841 3334 1023 3409 nonnullis
1070 3333 1212 3436 abetur,
1228 3337 1426 3433 multaque
1446 3321 1621 3410 habetde
1640 3332 1731 3407 Scri»
1753 3327 1807 3402 π

85 3431 250 3536 ptoribua
269 3454 387 3508 veteru
412 3431 509 3508 us&
523 3433 631 3506 novis
643 3429 786 3530 judicia,
804 3455 850 3506 ex
864 3427 1018 3507 aliorut'n
1040 3432 1134 3535 saepe
1156 3433 1255 3508 sensu
1279 3431 1442 3511 formata
1493 3429 1732 3508 Utililsunum

87 3553 202 3608 tamen
215 3531 275 3606 ille
288 3529 450 3607 laborem
463 3529 624 3630 suscepit,
638 3531 676 3604 in
694 3554 770 3626 quo
790 3533 835 3606 ali
862 3555 906 3606 ua
927 3529 1129 3607 condonari
1149 3532 1293 3610 debent.
1338 3533 1510 3628 Bailletus
1533 3531 1655 3610 suadet
1691 3551 1733 3608 ut

88 3629 263 3744 comestio
278 3653 447 3704 errorum
460 3627 504 3702 ab'
524 3630 568 3704 ali
595 3651 645 3744 uo
670 3631 754 3702 vi'ro
773 3557 892 3747 ,dodo
912 3628 1127 3730 suscipiatur.
1152 3651 1166 3747 ζ
1200 3593 1732 3748 AnnellitCatalogostto·

85 3724 583 3926 dimidiasti-ll,
617 3749 886 3944 {lipt‘llffll
901 3727 1735 3946 ,deluditlpil‘n‘zlllazllllll
1858 3829 1866 3858 „

87 3923 1128 4128 illudetlilialltlssgmlllltelilt
1141 3929 1734 4134 lltllltlldllltmnellf
1794 4025 1810 4040 ¹·

87 4128 198 4203 vellici
214 4123 455 4228 Contingius.
504 4125 643 4199 Ultima
657 4123 769 4200 editio
785 4125 1021 4201 Bibliothecae
1037 4123 1172 4200 selellae
1190 4127 1329 4226 prodiit
1343 4131 1416 4204 An.
1430 4141 1534 4224 1607.
1546 4125 1729 4226 Coloniae,

87 4225 240 4303 infolio.
294 4224 503 4325 Apparatus
523 4223 619 4298 sacer
639 4221 775 4300 ibidem
796 4239 895 4310 1608
946 4223 1172 4300 Referendus
1187 4227 1308 4324 itaque
1322 4228 1382 4302 inc
1395 4250 1502 4304 autor
1518 4223 1625 4302 estad
1638 4223 1731 4302 Scri·
1819 4265 1823 4271 ·

87 4347 206 4424 ptores
246 4325 301 4400 rei
328 4323 493 4398 literariae
516 4320 688 4422 Criticos,
708 4323 821 4419 qualis
843 4325 997 4400 Photius
1024 4319 1085 4422 est,
1105 4325 1154 4421 ἃ,
1176 4327 1240 4422 qui
1256 4325 1571 4423 erecentioribus,
1606 4321 1732 4402 Photii

88 4424 302 4501 methodum
317 4421 518 4519 sequuntur
533 4421 823 4536 Ephnneridum
838 4425 1051 4522 Scriptorea
1102 4422 1466 4527 Interiuscnticos
1485 4447 1624 4506 uonun
1638 4447 1733 4522 quo
1824 4493 1827 4502 .

89 4543 163 4630 que,
176 4521 239 4608 sed
252 4523 372 4604 invita
385 4520 491 4622 plane
505 4521 688 4624 Minerva,
706 4521 875 4623 profiteri
889 4521 1011 4621 uolut
1168 4627 1175 4635 .
1482 4590 1487 4602 .
1573 4587 1722 4708 ωυ,
