3908 5230
233 199 346 336 uss
418 234 419 241 Ν
830 207 1166 320 'sonetum
1209 207 1375 296 rure.

131 367 148 386 .
235 398 376 482 Caselio
395 391 515 496 etiam,
533 391 628 470 inter
642 382 950 466 deambulandum
966 384 1329 490 colloquendumqne
1351 412 1438 466 cum
1460 385 1541 489 suis,
1569 387 1786 470 inmanibus
1808 418 1875 496 per·

237 517 354 608 petu'o
374 493 552 604 gestatum
568 489 690 569 refert.
771 489 899 560 Veteres
917 487 1066 588 quidam
1092 487 1392 567 Gssltulstct
1417 492 1541 592 inepte
1571 487 1618 592 de
1641 491 1813 568 Terentio
1834 497 1875 593 iu·
1927 507 1928 570 f

239 607 416 699 dicarunt,
435 595 524 674 dum
540 588 686 669 nonnili
698 586 901 666 verborum
917 613 957 664 ac
971 585 1142 668 didiionis
1164 593 1434 764 proprietatem
1453 593 1491 666 in
1518 592 1581 667 illo
1594 590 1748 688 laudant,
1762 595 1797 668 in
1813 593 1876 670 alle·

240 701 391 806 quendo
407 711 498 774 vero
516 689 710 770 comcediae
724 691 837 796 genio
850 691 1081 794 ignaviorem
1096 715 1161 766 cen
1178 713 1258 768 ent:
1298 692 1389 769 Sane
1411 693 1471 786 hic
1501 716 1541 769 ut
1564 695 1695 769 minuti
1710 691 1875 770 Gramma·
1927 703 1928 740 l

240 807 302 884 tici
313 799 534 902 judicarunt,
551 815 618 870 nec
638 791 674 868 se
687 788 859 890 Poeseos,
875 814 944 866 nec
956 789 1268 889 Rhetorices,nee
1282 793 1396 894 civilis
1411 791 1617 909 prudentiae
1650 817 1786 898 gnaros
1801 795 1876 870 haud

217 931 221 938 ·
241 901 393 984 obscure
409 893 503 972 sa'ffi:
530 915 691 995 quorum
708 893 772 992 qui
789 915 871 966 non.
887 892 1011 967 omnia
1025 915 1151 967 arcana
1170 892 1276 994 plane
1294 893 1432 970 e'xcusla
1460 893 1580 993 habet,
1606 851 1736 970 srullra
1762 892 1806 970 de
1821 893 1877 972 Co
1928 949 1929 958 .

240 1000 376 1083 moedie
391 993 584 1098 judicabit:
611 990 662 1070 est
677 995 775 1068 enlm
789 993 939 1066 Comoedia
953 999 1088 1064 imitatio
1104 1001 1238 1064 omnium
1253 993 1407 1066 ac'iiottum
1422 995 1629 1068 humanarum
1651 993 1831 1094 inficiet-ete
1849 1006 1879 1066 ti·
1928 1047 1929 1052 .

239 1107 306 1192 uili,
356 1127 399 1174 rte
415 1104 639 1170 tentaminis
659 1091 760 1180 haber,
783 1114 938 1194 quantum
957 1091 1086 1194 ipfiemet
1107 1093 1195 1166 attio.
1267 1095 1392 1192 Atque
1419 1098 1454 1170 in
1485 1095 1560 1170 hoc
1588 1092 1743 1170 artificio
1764 1095 1879 1172 Teren·

241 1128 495 1282 tiusslaurum
512 1197 575 1274 lon
606 1219 626 1270 e
650 1194 794 1296 superat
802 1220 813 1290 ;
835 1193 936 1294 cujus
954 1217 1026 1368 pro
1057 1216 1154 1270 terea
1169 1193 1363 1270 leiiionem
1392 1193 1498 1296 Casp.
1525 1195 1684 1272 Barlueus
1715 1195 1879 1272 Lunebut·

229 1297 414 1409 'genstbus
428 1222 766 1396 quoquethibus,
782 1297 820 1370 in
835 1293 986 1396 epistoa
1007 1221 1054 1370 ai
1070 1296 1150 1372 illos
1169 1293 1310 1396 scripta,
1327 1295 1659 1372 commendandam
1681 1295 1795 1384 duxit.
1827 1299 1881 1371 sl·

243 1411 344 1480 tiones
359 1399 528 1476 Terentii
556 1398 724 1499 plurimae
749 1397 905 1472 omnino
928 1391 1026 1470 sunt:
1052 1419 1222 1499 magnam
1248 1395 1445 1472 earundem
1470 1398 1616 1498 copiam
1641 1397 1801 1484 recenset
1817 1399 1882 1499 Spr-

245 1503 348 1582 chius
361 1501 401 1576 in
414 1498 612 1574 Nomencl.
626 1524 663 1602 p.
685 1507 768 1582 208·
785 1493 885 1594 seqq.
960 1493 1072 1571 Haud
1095 1497 1281 1572 immerito
1300 1521 1420 1572 autem
1435 1496 1585 1585 Barthio
1606 1495 1666 1572 lib.
1691 1498 1733 1572 1.
1756 1495 1883 1574 Aduers.
1929 1486 1930 1534 ³

81 1587 104 1608 '¹
152 1637 158 1646 ¹
246 1628 278 1680 c.
293 1630 328 1700 9.
347 1593 602 1706 elegantissima
621 1599 790 1677 omnium
807 1595 844 1672 ἃ
860 1593 1064 1672 nitidissima
1076 1593 1241 1694 habetur,
1259 1621 1341 1694 que
1357 1623 1440 1672 cum
1454 1600 1724 1675 commentario
1741 1597 1810 1672 AEl.
1825 1597 1882 1672 llo

247 1706 323 1783 nati
336 1728 357 1779 a
372 1698 512 1776 Fridet.
527 1697 807 1800 Lindenbtogio
823 1694 991 1772 Francos.
1016 1703 1120 1788 1623.
1137 1699 1175 1771 in
1192 1723 1225 1790 4.
1244 1720 1374 1795 curata,
1395 1699 1431 1774 de
1449 1701 1488 1774 in
1513 1721 1718 1802 paucorum
1743 1699 1883 1774 manibus

233 1801 308 1883 est.
360 1799 467 1900 (mm)
492 1799 638 1876 Tritior
658 1801 855 1885 Becleriana,
868 1817 951 1895 quar
968 1795 1110 1899 prodiit
1126 1797 1368 1901 Argentorati
1390 1816 1492 1891 1627.
1516 1801 1554 1877 in
1578 1814 1630 1897 8.,
1649 1802 1780 1876 cereris
1799 1802 1884 1874 etiam

247 1904 329 2004 jure
352 1900 488 1976 merito
510 1897 750 2004 preferenda,
775 1922 855 1974 non
879 1896 997 1974 solum
1023 1895 1074 1973 ob
1097 1898 1300 2000 elegantem
1326 1903 1641 1997 commentarium,
1668 1899 1709 1976 ἃ
1735 1921 1886 1976 accurens

250 2003 361 2080 metri
373 1995 613 2099 recensiones,
628 1995 742 2078 sed&
765 1997 814 2077 ob
831 1993 1165 2086 Chrestomurhiem
1186 1997 1457 2100 Terentianum,
1472 2025 1555 2099 quae
1574 1997 1762 2100 adjicitur:
1786 1998 1823 2115 id
1839 1996 1886 2174 eAE’

1815 2125 1848 2177 m
1877 2139 1886 2154 .

297 2374 377 2459 (etet)
396 2369 527 2437 Terentii
541 2365 708 2445 Comoedia,
728 2362 761 2430 dt
773 2365 803 2426 in
819 2383 862 2426 eas
875 2367 931 2426 AEl.
945 2365 1062 2444 Donati,
1077 2367 1113 2428 V.
1129 2365 1163 2429 C.
1181 2368 1310 2430 Oratoris
1323 2367 1413 2432 Urbis
1434 2372 1540 2448 Rome,
1569 2369 1602 2436 ἃ
1616 2369 1787 2456 Eugraplrii,
1800 2369 1885 2432 l'etes's
1930 2375 1931 2422 l

425 2455 592 2541 Scaptium
608 2453 831 2530 Commentario,
844 2473 859 2512 a
873 2453 950 2514 Frid.
965 2453 1171 2538 Lindcbrogio,
1184 2455 1291 2516 collatis
1311 2452 1430 2533 MSStis‚
1449 2453 1600 2520 Veteribus
1618 2458 1840 2539 Exemplaribus,
1858 2475 1885 2514 te·

426 2541 536 2618 eenstta,
558 2541 635 2602 aubia
658 2537 691 2602 ἃ
705 2537 953 2615 observationibus,
969 2539 1126 2620 lndieeque
1149 2539 1304 2619 uberrimo,
1324 2541 1467 2620 illustrata,
1488 2547 1577 2606 Anno
1597 2547 1654 2624 jam
1680 2545 1772 2610 1602.
1794 2539 1885 2612 Parisiis

426 2631 477 2692 uhi
488 2625 701 2708 Lindebrogius
715 2641 784 2688 tune
798 2623 916 2703 virebat,
943 2626 974 2686 in
988 2641 1040 2706 4to
1053 2623 1232 2704 prodierunt.
1267 2625 1429 2690 EParisme
1447 2629 1499 2691 lrse
1516 2630 1639 2712 expressa
1651 2631 1694 2694 est
1711 2623 1802 2710 e‘lterr,
1821 2647 1885 2711 qutu

424 2711 591 2780 Morholius
609 2711 712 2788 laudat,
733 2709 835 2778 Editio
850 2709 1089 2772 Francosuttenfis
1103 2713 1184 2773 Anni
1210 2709 1299 2794 1623.
1312 2715 1496 2798 Heringims.
1553 2719 1728 2780 Terentium
1751 2715 1843 2798 ipsum,
1862 2713 1886 2773 ei

424 2804 500 2886 eujus
518 2797 627 2860 nitelam
640 2795 846 2880 &splendorem
857 2797 930 2881 quod
934 2799 1031 2878 facere
1040 2797 1131 2880 posſse,
1144 2797 1213 2860 sniis
1224 2800 1257 2880 se
1270 2801 1301 2860 in
1320 2798 1372 2862 hac
1390 2801 1534 2878 Editioue,
1555 2803 1733 2888 Ergodioila
1752 2801 1808 2888 Jos
1823 2799 1885 2864 sal

426 2881 1492 3054 assiliret’tetenstetetlte-'milltes
1502 2887 1888 3038 lsbfl‘lllillpllli

427 3077 494 3120 rum
515 3055 741 3137 Exemplaribus,
760 3076 848 3116 manu
868 3055 1015 3136 uniusque
1038 3053 1201 3136 emendatis,
1219 3057 1337 3138 aliisque
1355 3021 1504 3120 stannullis
1527 3063 1645 3140 MSStis,
1667 3061 1810 3124 recensuit.
1857 3061 1882 3117 lu

424 3144 536 3205 Donati
549 3142 776 3219 Commentario,
796 3161 882 3224 quem
897 3143 1006 3202 Teutui
1021 3140 1194 3221 interseruit,
1213 3145 1324 3205 lacones
1344 3145 1480 3226 plurimas
1498 3143 1655 3228 supplevit,
1673 3137 1718 3212 δι’
1729 3151 1821 3210 Errrta
1838 3141 1883 3206 ini·

428 3230 488 3292 nin
501 3227 670 3306 emendavit,
689 3228 808 3306 adjutus,
825 3243 887 3288 tum
903 3225 1016 3288 duobus
1026 3229 1251 3308 Exemplaribus,
1264 3247 1387 3294 accurata
1401 3233 1532 3292 Fratrum
1553 3230 1743 3296 Pitltoeorum
1763 3233 1883 3316 diligmtir

425 3316 463 3378 ed
476 3316 558 3378 MSS.
570 3321 640 3376 Ant.
656 3315 757 3378 Contii
770 3312 802 3376 ἃ
815 3318 873 3396 Jec.
888 3313 996 3392 Cujacii
1010 3313 1124 3392 collatis,
1141 3332 1203 3376 tum
1219 3315 1405 3380 Colleiianeis
1420 3317 1601 3380 Bibliotheca
1615 3322 1719 3402 Regia,
1740 3319 1774 3384 ἃ
1791 3317 1882 3382 Schedia

426 3402 502 3464 Petri
518 3402 646 3464 Danielis
662 3400 820 3462 Veteribus.
884 3397 1051 3482 Eugraphii,
1065 3399 1114 3462 snb
1129 3399 1217 3462 linem
1231 3402 1448 3465 Comoediuum
1463 3407 1596 3466 omnium
1611 3406 1721 3486 adjeeti,
1738 3425 1800 3472 cum
1817 3421 1881 3484 pauet

426 3505 537 3554 tantum
551 3489 583 3550 in
604 3488 684 3549 ltalia
704 3489 775 3548 olim
789 3485 871 3548 Gabr.
900 3487 1024 3547 Faernus
1047 3485 1186 3564 edidisset,
1207 3487 1264 3568 ipse
1284 3490 1372 3573 longe
1391 3491 1480 3570 plura,
1502 3510 1537 3550 ex
1560 3489 1668 3556 Codice
1692 3495 1761 3554 Ant.
1785 3489 1880 3562 Loisell,

421 3575 502 3660 JCti,
515 3567 716 3656 antiquisstmo,
728 3574 839 3654 primus
851 3571 1011 3652 publicauit,
1027 3569 1067 3652 &,
1081 3593 1142 3654 quae
1158 3571 1225 3634 huic
1236 3573 1352 3636 deerant
1365 3595 1399 3636 ex
1422 3577 1510 3638 altero
1532 3578 1627 3638 Fratre
1649 3578 1770 3639 Olirarii
1797 3575 1880 3657 supple·

424 3663 474 3722 rit.
517 3661 728 3744 Lindcnbtogii
752 3655 837 3739 ipsius
857 3655 1073 3719 Observationes
1088 3659 1187 3735 breves
1208 3657 1280 3740 sunt,
1304 3659 1336 3723 &
1363 3661 1433 3722 cirea
1449 3663 1619 3724 Varietatem
1635 3663 1780 3726 Leilionis
1800 3665 1879 3744 potius,

423 3767 509 3830 quam
525 3749 636 3809 Textus
649 3747 874 3826 explicationem,
888 3761 1069 3824 occupantur.
1110 3747 1179 3806 Here
1191 3745 1369 3831 Seiagraplria
1382 3748 1422 3808 est
1442 3749 1651 3829 compendiaria
1665 3751 1807 3814 Editiottis
1816 3745 1879 3829 ,ttius

422 3834 552 3898 Geminae
569 3835 747 3897 Terentianae
759 3829 956 3914 Lindcbrogii,
979 3851 1041 3912 quar
1055 3831 1211 3912 (imprimis
1227 3833 1358 3912 Parilina,
1380 3832 1432 3914 ipsi
1450 3838 1550 3918 ignota
1568 3835 1733 3909 Motholio)
1753 3835 1831 3897 hodie
1850 3830 1878 3890 eli

420 3923 520 4000 rarior,
538 3917 586 3982 sed
607 3919 740 3984 omnium
762 3935 866 3994 tamen,
886 3918 1017 3978 unanimi
1037 3917 1202 3980 criticorum
1219 3921 1423 4002 plerorumque
1451 3920 1593 4001 consensu,
1614 3923 1723 4002 optime
1739 3922 1772 3986 dt
1790 3924 1876 4003 elegus

419 4007 529 4070 tissima
609 4007 676 4067 Nec
697 4005 774 4066 enim
796 4001 926 4066 Barthius
951 3999 983 4064 δι
1002 4001 1167 4068 Mothosius
1187 4003 1238 4066 soli
1260 4008 1358 4068 ceteris
1377 4026 1438 4066 eam
1457 4007 1620 4087 presserunt,
1637 4005 1684 4068 sed
1710 4007 1787 4090 Ctsp
1810 4007 1875 4066 edun

324 4175 325 4180 η
418 4091 576 4174 Scioppius,
595 4091 713 4172 Cottfislt.
728 4114 758 4152 tt.
772 4092 807 4152 de
815 4085 954 4153 &totels
960 4089 1116 4150 Studiorum
1136 4095 1241 4152 ratione
1254 4111 1283 4174 p.
1297 4101 1340 4165 64.
1356 4091 1424 4174 Joh.
1441 4095 1530 4158 Henr.
1549 4095 1690 4158 Btecletus
1708 4100 1737 4156 itt
1750 4089 1875 4156 Commst

417 4179 515 4262 Scripr.
531 4177 582 4240 Gr.
604 4175 639 4242 ls'
655 4179 717 4239 Lar.
735 4197 763 4260 p.
783 4191 821 4251 38.
841 4177 930 4238 Henr.
957 4176 1015 4258 Jul.
1040 4175 1202 4237 Scheutlius
1219 4177 1360 4251 (Iudicem
1380 4179 1522 4260 imprimis
1543 4180 1720 4242 uberrimum
1747 4177 1874 4242 extollens)

419 4265 453 4326 Ρ.
471 4265 511 4326 ΙΙ.
526 4265 628 4328 Scatrae
644 4264 826 4342 Mercurialis,
839 4284 900 4336 ⁶·.s·
911 4279 938 4344 p.
954 4281 999 4336 97.
1023 4259 1102 4343 Casp.
1116 4263 1280 4346 Sagittarius
1305 4267 1333 4324 itt
1354 4264 1452 4327 Comm.
1475 4269 1506 4328 de
1528 4267 1595 4328 Vita
1623 4267 1742 4329 Terrtttt‘i
1747 4285 1774 4351 p.
1796 4273 1826 4324 st.
1844 4267 1873 4322 ee.

311 4379 315 4386 ·
415 4351 623 4416 adeuntem
643 4351 784 4430 <lennem
797 4351 829 4412 itt
844 4369 875 4409 ea
889 4347 1017 4427 judicans
1031 4348 1157 4412 exhiberi
1172 4350 1444 4436 emendatissimum)
1470 4355 1500 4415 T.
1517 4353 1570 4415 IV.
1585 4354 1757 4436 Judieioruin
1771 4351 1800 4413 de
1816 4347 1871 4408 sse

413 4438 711 4522 dissuaderent.
728 4433 768 4521 sl,
777 4455 806 4524 p.
821 4445 860 4520 69.
880 4433 948 4520 th.
956 4434 1024 4500 Alb.
1036 4435 1180 4503 Fabricius
1192 4437 1226 4502 Ρ.
1239 4437 1270 4526 ,ἰ
1285 4435 1413 4502 Butos.
1432 4441 1496 4504 Let.
1508 4455 1538 4524 p.
1554 4455 1580 4519 5:
1595 4441 1710 4526 aliique,
1725 4459 1792 4524 quos
1803 4453 1871 4510 seeo,

409 4527 580 4614 conplures
1575 4547 1578 4556 ’
1893 4587 1900 4596 .
