3910 5234
225 229 302 322 ⁷0⁶
414 149 415 154 Ὺ
691 172 694 176 ’
785 205 953 325 eonas.
979 161 1104 300 tua,
1142 213 1218 300 ta.
1241 217 1313 325 na
1386 255 1388 264 ι
1446 273 1454 288 .

226 386 490 468 servationibus
509 384 606 464 addi.
654 381 692 462 Si
706 385 809 486 quod
822 388 965 465 axioma
979 388 1025 466 ad
1038 387 1165 484 titulos
1177 383 1342 464 diuersos
1366 383 1495 462 referti
1517 377 1649 491 potest,
1677 379 1741 466 sub
1760 374 1874 470 altero
1950 415 1951 436 ¹

29 539 30 542 a
258 511 400 586 onattu,
415 483 479 564 sub
498 488 612 563 altero
629 509 698 587 per
709 509 883 564 numeros
901 491 1040 565 citetur.
1092 483 1250 586 Quodsi
1275 487 1368 562 Loci
1396 511 1611 570 communes
1631 492 1768 594 integri
1779 491 1875 592 apud
1910 545 1914 556 ·
1950 535 1951 550 ι

140 599 149 670 ’.
228 514 497 668 &servatores
522 587 560 661 δι
585 584 917 662 Commentatores'
931 589 1102 688 politicos
1122 583 1331 685 tradentur,
1352 583 1425 660 sola
1447 587 1637 664 Auroram
1656 589 1736 666 loca
1762 592 1880 670 notati
1950 679 1951 684 Ἰ

111 775 113 781 ,
259 685 388 764 offunt.
440 681 660 787 Quodstex
679 685 852 762 omnibus
873 685 1238 763 Commentatoribus
1263 686 1349 761 tales
1375 685 1497 763 Locos
1517 709 1734 766 communes
1754 687 1877 767 instru·
1950 705 1951 790 1

50 845 54 852 .
269 811 311 864 os
328 786 556 884 haberemus,
600 786 661 858 vin
676 781 886 886 praestruila
906 783 990 861 esset
1004 787 1083 884 illis,
1111 786 1187 881 vqui
1202 781 1249 858 de
1264 783 1385 860 charta
1404 787 1442 860 in
1453 809 1640 888 papyrum
1657 787 1829 889 scribunt,
1843 791 1879 866 dt

230 912 314 984 eum
331 910 360 959 e.
374 909 413 986 g.
426 886 463 958 in
476 881 601 960 locum
616 883 718 958 Flori
730 879 905 984 incidunt,
943 888 1067 960 omnia
1080 883 1247 984 exempla
1265 871 1440 983 parallela,
1477 907 1558 983 quat
1577 887 1705 985 aliquis
1718 887 1881 966 ¹soxtalsrs
1950 923 1951 946 ι

229 978 964 1081 CommentatorinSalustiumaliumque
990 983 1174 1059 Autotem
1201 981 1389 1152 congeffir,
1411 983 1626 1064 dissimulato
1646 987 1804 1086 Art-tore,
1823 988 1880 1064 de·
1950 1023 1951 1082 l

229 1082 401 1178 scribunt,
417 1081 520 1179 qnod
533 1081 621 1156 alius
639 1083 771 1156 iterum
789 1079 907 1179 faciet,
933 1107 1017 1158 cum
1031 1083 1068 1158 in
1081 1080 1234 1157 ssmilem
1250 1103 1269 1154 a
1284 1084 1394 1158 terius
1423 1083 1575 1160 Autoris
1593 1085 1719 1160 locum
1735 1087 1878 1163 incidet.
1950 1091 1951 1160 l

94 1257 98 1273 Ι
166 1190 215 1257 20
231 1189 251 1240 ’s
267 1178 419 1282 Scripsitx
438 1179 507 1255 CL.
527 1181 736 1256 WE181us
761 1182 1035 1254 Manudussionem
1048 1183 1094 1255 ad
1108 1187 1203 1253 Locos
1215 1185 1396 1252 Communes
1407 1187 1559 1265 Pesticos,
1572 1186 1637 1279 qui
1658 1207 1756 1286 pene
1775 1187 1813 1260 in
1827 1210 1879 1262 ea·

229 1281 317 1358 dem
331 1277 521 1356 nobiscum
537 1277 707 1354 sententia
720 1275 779 1353 est.
803 1277 808 1284 ’
830 1279 994 1356 Indicem
1017 1281 1047 1356 is
1074 1277 1174 1354 addit
1197 1278 1366 1354 locorum
1387 1279 1640 1378 politicorum,
1664 1281 1728 1357 sub
1748 1283 1880 1380 quibus

228 1381 323 1478 tituli
333 1376 499 1480 speciales
513 1375 657 1477 disponi
670 1373 814 1477 possint.
862 1377 933 1473 Sed
951 1399 1044 1480 puro
1060 1379 1176 1481 magis
1189 1374 1377 1476 specialem
1403 1379 1463 1454 hic
1480 1377 1548 1454 else
1572 1403 1726 1482 operam
1739 1383 1879 1482 impen·

164 1499 208 1556 21
229 1479 398 1575 dendam,
414 1477 594 1577 imprimis
608 1483 647 1550 in
664 1477 904 1554 axiomatibus
920 1471 1150 1553 collocandis.
1201 1481 1223 1523 ⁴*
1239 1473 1358 1579 and
1379 1475 1406 1551 st
1431 1480 1469 1552 in
1489 1477 1684 1554 Histoticis
1704 1483 1877 1578 interpre-
1950 1491 1951 1496 ’

194 1647 196 1653 ,
227 1576 344 1656 randis
359 1599 512 1676 operam
527 1577 607 1672 quis
627 1577 891 1676 ponere-velit,
929 1575 1051 1658 Locos
1071 1597 1286 1650 communes
1302 1579 1512 1678 exegeticos
1535 1579 1573 1650 in
1595 1579 1675 1660 illos,
1694 1574 1880 1655 exibuere

228 1675 348 1780 potest
381 1699 429 1750 eo
453 1673 583 1772 modo,
622 1699 699 1772 quo
720 1672 826 1776 supra
847 1673 1006 1750 diximus
1019 1673 1245 1776 apponendo
1263 1672 1404 1772 semper
1417 1676 1464 1750 ad
1481 1673 1656 1756 Historici
1669 1679 1807 1778 locum,
1822 1679 1879 1755 lo·

112 1809 115 1818 ·
229 1801 311 1852 cnm
330 1735 656 1872 (iommentaroris,
671 1771 734 1848 ubi
748 1796 836 1851 nota
855 1773 1023 1873 quaedam
1038 1774 1192 1874 politica
1208 1771 1372 1850 habetur.
1950 1781 1951 1870 l

357 1883 364 1890 ’
630 1913 632 1918 ,
1950 1887 1951 1922 l

160 1995 208 2055 aa
327 1973 419 2048 Sunt
436 1970 545 2072 §salii
558 1971 649 2048 Loci
663 1993 878 2047 communes
896 1967 1243 2046 politico-Historici
1300 1997 1395 2069 quos
1407 1971 1598 2050 inscribere
1612 1979 1772 2078 Excepta
1787 1981 1880 2052 Nari-

226 2079 346 2146 aias-tam
358 2073 562 2144 Politicaram
588 2069 777 2146 'ossumus
828 2068 987 2144 Notitiae
1007 2091 1130 2145 nutem
1152 2030 1333 2166 vocabulo
1349 2075 1466 2148 notari
1488 2073 1586 2174 apud
1603 2073 1764 2152 Autores
1784 2075 1879 2156 solet
1916 2095 1921 2106 '

226 2171 394 2273 'cognitio
410 2096 764 2270 Politicolsslistorica
788 2169 1070 2266 uniuscujusque
1083 2169 1239 2268 imperii,
1259 2191 1304 2243 ut
1328 2171 1503 2248 habemus
1523 2173 1709 2248 Notitiam
1728 2175 1778 2249 im
1808 2177 1878 2252 etii

74 2347 82 2360 ,
226 2267 485 2366 Orientalis&
501 2265 766 2367 Occidentalis,
808 2265 993 2342 Notitiam
1017 2264 1151 2343 domus
1172 2265 1349 2368 Augustae
1365 2268 1568 2370 suadesque
1590 2271 1714 2349 libros.
1805 2299 1879 2354 ane

221 2370 321 2446 viam
336 2367 444 2444 nobis
457 2365 673 2442 monstravit
687 2364 901 2442 Aristoteles
913 2363 963 2440 lib.
975 2393 995 2438 ι.
1009 2367 1104 2438 aaa.
1123 2384 1185 2466 cs.
1200 2366 1264 2442 ubi
1275 2365 1407 2468 suadet,
1423 2374 1631 2470 utquisque
1645 2395 1876 2476 moresgem

3 2521 5 2527 ,
155 2490 202 2572 23
226 2470 319 2546 tium
331 2465 397 2545 fibi
411 2465 542 2542 reddat
561 2465 766 2542 familiares,
832 2469 854 2512 ὓ
879 2465 971 2540 Loci
991 2468 1342 2564 itaquecotnmunes
1363 2470 1412 2544 ita
1426 2467 1619 2546 ordinandi
1634 2470 1727 2572 sunt,
1746 2493 1788 2548 ut
1802 2497 1875 2573 po·

42 2613 47 2620 ·
115 2655 118 2663 ¹
222 2590 354 2646 nantut
370 2566 465 2642 tituli
485 2566 671 2667 generales
687 2566 940 2679 imperiorum.
990 2565 1063 2640 His
1077 2562 1305 2640 subiciantur
1319 2564 1486 2667 speciales
1500 2593 1529 2643 e.
1543 2594 1579 2671 g.
1593 2567 1712 2646 forma
1725 2573 1874 2674 regimi-

194 2737 196 2742 .
222 2668 290 2764 nis,
305 2668 533 2768 populorum
550 2665 603 2740 ot'
635 2687 672 2762 o,
687 2665 934 2766 migrationes,
958 2664 1068 2766 leges,
1081 2590 1225 2760 judicia,
1248 2688 1454 2764 proventus
1475 2668 1512 2743 ἃ
1530 2673 1762 2768 commercia,
1776 2672 1872 2746 utila-

594 2689 642 2840 [ξι
673 2783 800 2863 copus
850 2762 921 2838 His
935 2765 1033 2838 enim
1052 2761 1226 2863 capitibus
1219 2767 1426 2936 Ι-ἱιλιεείριιε
1436 2769 1559 2842 omnia
1571 2765 1737 2845 constant
1747 2773 1786 2844 in
1797 2770 1870 2846 Re-

505 2761 588 2839 finis

218 2764 494 2965 gglpffiippbhgg,
512 2859 660 2964 singulis
673 2883 849 2940 notentur
875 2888 904 2937 1.
925 2871 1010 2958 quae'
1030 2885 1076 2938 ex
1091 2863 1206 2936 veteri
1273 2861 1379 2938 storta
1389 2863 1579 2963 habentur,
1604 2890 1638 2942 2.
1656 2893 1739 2964 quat
1755 2891 1869 2948 exre·

74 2967 77 2976 ’
214 2960 441 3038 tentionibus
464 2957 659 3035 Historicis
680 2980 741 3034 aut
767 2960 959 3036 Itinerariis
979 2963 1056 3061 peri
1080 2958 1237 3060 possunt,
1271 2985 1392 3060 aque
1417 2965 1639 3064 experientia
1658 2961 1781 3046 nostra
1806 2969 1867 3044 uel

217 3059 330 3140 aliena
341 3057 508 3135 constant
532 3079 604 3155 4e
627 3057 861 3135 relationibus
885 3058 1052 3159 publicis,
1074 3039 1266 3155 in'qu'rbus
1290 3081 1414 3136 tamen
1438 3059 1597 3168 deleilus
1624 3059 1864 3144 instituendus

216 3155 280 3256 est,
295 3181 342 3232 ne
360 3155 439 3236 falsa
451 3179 523 3259 pro
539 3159 636 3232 ven's
653 3157 879 3258 accipiamus,
906 3183 936 3256 5.
946 3157 1173 3258 prudentum
1188 3155 1383 3234 homiuum
1392 3159 1547 3260 judicia,-
1562 3169 1593 3236 6.
1605 3159 1741 3240 'nostre
1752 3173 1859 3240 etiam

149 3291 197 3365 24
216 3253 447 3353 conjeslurae.
519 3256 665 3332 *Talia
684 3257 874 3355 Adversaris
895 3257 1104 3334 concinnari
1122 3255 1222 3357 jubet
1247 3255 1551 3336 Couxtuotus
1574 3262 1612 3336 in
1633 3265 1861 3362 tengomenas

212 3354 392 3456 calegiisui
406 3354 729 3468 Rermnpabla'carum,
745 3355 877 3454 quibus
892 3355 928 3432 se
941 3356 987 3430 ab
1001 3351 1237 3470 adolescentia
1258 3360 1271 3432 i
1300 3354 1333 3432 sa
1360 3357 1463 3432 usum
1481 3357 1582 3433 fuisse
1599 3359 1744 3470 fatetur,
1762 3360 1861 3438 unde

89 3474 94 3494 ⁸
212 3453 281 3556 ipsa
293 3478 424 3558 magna
438 3457 495 3532 illa
510 3475 635 3538 terum
677 3455 877 3532 oltricarum
898 3457 1027 3531 notitia
1046 3454 1233 3531 succrevit.
1271 3383 1325 3530 ln
1348 3455 1480 3564 quibus
1500 3479 1622 3532 autem
1644 3455 1753 3536 rebus
1770 3480 1856 3560 pro·

210 3557 293 3654 prie
312 3551 475 3630 consistat
491 3557 619 3630 notitia
668 3554 781 3652 icujus
798 3557 956 3654 imperii,
973 3551 1108 3630 ibidem
1120 3547 1316 3628 secundum
1331 3578 1462 3632 omnes
1475 3553 1591 3634 causas
1602 3553 1741 3635 definit
1786 3559 1855 3636 lx·

208 3651 355 3756 gendos
375 3677 526 3752 quoque
541 3651 591 3729 est
603 3653 758 3730 Boecleri
772 3653 864 3730 liber
877 3655 1012 3751 [istuis
1028 3653 1139 3727 Schola
1157 3657 1343 3756 Princtpum
1401 3715 1403 3722 ,
1512 3713 1516 3722 .

62 4024 71 4062 ,
136 3848 1849 4069 amslaassensissesslaxsssessxsxtssa

200 4049 411 4129 instituunt:
439 4053 555 4148 lisnfias
568 4048 661 4126 hanc
675 4049 897 4152 excerpendi
912 4048 1132 4126 methodum
1145 4048 1344 4124 Hetotcam
1356 4071 1475 4127 vocae
1500 4050 1843 4132 Conunenturveto

47 4241 57 4250 ,
140 4238 142 4243 ,
200 4155 240 4224 in
255 4150 324 4226 illis
340 4151 440 4228 libris
454 4150 514 4224 vel
527 4173 587 4225 res
602 4148 645 4232 ab
663 4147 748 4250 ipsas
761 4146 884 4252 gestae,
897 4151 1021 4265 quales
1037 4149 1118 4264 sunt
1135 4148 1330 4224 Memoriae
1350 4146 1612 4326 ss‘mim‘q,
1620 4152 1839 4232 Gauicorum

152 4245 1038 4350 ‘scriptorum,velquaenostrotemporerllicab
1052 4250 1127 4324 alus
1165 4245 1357 4348 estadepre
1385 4247 1564 4328 endunus.
1613 4251 1837 4330 alemlibtunt

196 4346 467 4432 conficiendum
479 4346 582 4424 suafit
595 4350 705 4420 Frate.
718 4347 845 4450 Joscph.
860 4349 1007 4422 Barbas
1021 4346 1117 4451 Regi
1131 4271 1257 4424 ssaniae
1270 4349 1310 4456 in
1328 4348 1607 4445 [emeandi-a
1632 4349 1695 4430 sua
1713 4355 1836 4426 Postea

129 4452 176 4520 26
193 4444 317 4550 lingua
330 4447 449 4526 Italica
462 4447 605 4565 scripta,
616 4471 699 4546 quae
710 4448 806 4547 inter
819 4446 991 4550 opusoala
1008 4448 1087 4548 ejus
1105 4447 1271 4526 Genevae
1290 4443 1385 4525 edita
1402 4447 1566 4528 habente.
1623 4451 1655 4552 '¹
1680 4445 1830 4562 Qtods

91 4571 97 4583 ,
1067 4597 1075 4606 .
1755 4569 1828 4651 qm,
