3950 5236
550 180 632 330 stip.
649 229 695 310 ll.
727 223 787 306 De
813 219 1004 342 Exceptis
1018 223 1306 354 Pbritseologirir.
1509 217 1514 226 ’
1633 225 1637 234 ’
1676 240 1746 339 569

93 403 130 479 in
148 401 266 480 titulis
277 399 505 480 inveniendis
521 400 563 483 dt
576 397 675 483 relic
689 399 851 479 locandis
874 399 1029 481 vocibus
1044 399 1234 498 habitura,
1250 399 1450 502 praesertim
1465 425 1549 480 cum
1566 402 1604 484 dr
1619 403 1682 482 alia
1694 427 1760 482 at·⁴
1791 469 1792 477 l

1 593 2 599 Ν
45 547 48 552 -
92 500 275 579 tendenda
288 498 356 580 lint
372 506 409 584 in
424 503 590 582 oratione
601 499 884 600 &edExcerpta
895 501 959 578 sue
971 498 1173 599 referenda,
1197 527 1281 600 quac
1298 526 1376 579 non
1386 502 1748 588 ,commodcadStur-
1864 581 1867 593 ,

1 602 2 610 '
95 607 236 684 minues
250 602 360 684 locos
374 601 499 685 reduci
513 599 683 703 poliunt5
717 600 811 703 Quo
835 603 955 678 intuiti
980 599 1071 698 sunt,
1097 604 1162 698 qui
1184 599 1358 678 ordinem
1381 627 1459 678 non
1479 603 1571 683 adeo
1597 603 1745 682 sollicite

94 702 339 802 quaerendum
356 701 507 799 volunt,
532 703 602 780 viri
625 697 757 780 summi
777 700 945 798 &quiin
960 701 1071 778 literis
1098 725 1235 806 magna·
1254 699 1508 801 praestiterunt.
1583 705 1604 753 *
1629 705 1747 806 Smpe,
1761 717 1833 790 27·

92 829 175 901 quae
199 801 327 880 nostro
343 797 510 878 instirrsiu
527 825 751 899 quocunque
766 799 898 876 ordine
919 799 1145 903 collegimus
1165 803 1247 902 plus
1269 827 1346 879 non
1370 803 1510 902 juvant,
1530 828 1639 900 quam
1665 829 1749 903 quae
1780 815 1783 829 '

91 908 247 980 aliorum
265 901 416 984 consilio
431 899 635 1004 colligenda
648 897 877 1002 suscepimus,
998 901 1145 976 uamdiu
1165 899 1263 976 adest
1276 901 1347 1000 ille,
1361 903 1426 1000 q‘ui
1441 900 1663 982 methodum
1677 905 1749 980 col·

90 1003 231 1106 ligendi
247 1001 312 1078 dir'
345 1005 384 1099 it,
407 1002 529 1076 omnia
549 1001 720 1101 expedita
734 1021 865 1076 crunt:
889 997 996 1076 sedu
1024 1002 1036 1074 i
1059 997 1123 1076 suo
1148 999 1299 1078 arbitrio
1320 1001 1571 1098 relinquentur
1597 1006 1749 1103 tirones,

89 1027 476 1205 sepiushaescirunt&
494 1097 853 1182 inconvenientibus
878 1098 991 1176 titulis
1013 1100 1243 1197 inveniendis
1268 1101 1509 1178 vehementer
1525 1099 1749 1180 laborabunt.

93 1203 262 1306 Quando
277 1204 375 1278 enim
392 1225 521 1279 omnes
536 1199 603 1280 illac
627 1203 801 1278 notiones
820 1199 864 1276 sb
881 1199 991 1274 initiis
1004 1198 1052 1274 ut
1087 1201 1187 1276 rimis
1203 1225 1243 1276 ac
1260 1201 1418 1291 remotis¹
1425 1199 1568 1278 sedibus
1575 1202 1747 1280 arcellus.

92 1328 165 1402 tur,
182 1318 282 1380 tenet
299 1302 547 1404 illa-cogitatio
568 1302 709 1376 animos
722 1303 903 1396 anxieque
919 1225 1180 1384 &comiaclo
1204 1331 1208 1338 ·
1245 1301 1373 1404 Qrate
1395 1297 1537 1400 praestat
1559 1299 1747 1384 interdum
1783 1269 1817 1366 s

90 1406 231 1500 titulos,
254 1425 349 1501 quos
374 1425 431 1478 res
461 1397 535 1500 ipsa
556 1398 775 1574 suppeditat,
800 1397 875 1475 srne
897 1398 981 1474 ullo
1009 1398 1141 1474 ordine
1161 1423 1313 1516 ponere,
1335 1399 1399 1498 qui
1432 1402 1630 1478 accinctius
1653 1401 1748 1506 saepe
1874 1437 1880 1446 ·

90 1503 360 1603 formabuntur,
382 1525 466 1578 cum
481 1523 526 1578 ex
542 1501 596 1576 rei
629 1495 714 1575 ensu
732 1495 951 1597 formantur,
970 1525 1085 1598 quam
1111 1499 1175 1575 ubt
1195 1500 1307 1603 longa
1327 1499 1544 1576 redusiione
1565 1500 1610 1576 ad
1629 1506 1751 1603 prima

90 1605 151 1681 illa
177 1603 237 1690 sua
263 1597 445 1695 clementa
469 1620 697 1677 revocantur.
770 1599 1102 1704 Quemadmodum
1121 1601 1162 1675 in
1184 1598 1257 1702 ipsa
1282 1621 1486 1702 corporum
1510 1605 1679 1682 deuastat
1696 1603 1748 1678 in-

93 1706 192 1784 utilis
206 1701 255 1784 est
277 1704 314 1778 dt
328 1700 588 1802 supervacanea
603 1727 628 1778 o
658 1696 768 1798 eta,sr
793 1706 842 1774 ad
861 1701 919 1781 illa
943 1707 1080 1800 ςοιχὲἰω
1100 1703 1222 1802 prima
1240 1701 1417 1776 reducere
1437 1706 1560 1779 omnia
1581 1705 1747 1801 velimus

92 1807 182 1907 plus
196 1828 288 1880 veto.
302 1804 463 1879 utilitatis
478 1801 586 1878 hebet
602 1727 655 1876 ai
665 1801 836 1904 proxima
858 1800 927 1898 illa,
948 1825 1031 1898 que
1052 1823 1132 1876 rem
1151 1823 1401 1904 «componunt,
1422 1799 1615 1904 respicere:
1641 1805 1690 1878 ita
1708 1801 1748 1878 u

90 1909 131 1980 in
148 1907 312 1982 oratione
326 1900 407 1979 lieri
426 1927 576 2000 aequum
590 1898 649 1976 est.
722 1900 848 2014 Quare
862 1899 953 1978 milri
968 1899 1115 2012 semper
1122 1901 1258 2002 placuit
1277 1901 1476 1978 methodus
1497 1903 1565 2003 illa,
1588 1926 1631 1981 ur
1656 1903 1751 1980 tituli
1775 1917 1797 1982 Ι

91 2031 140 2082 ex
159 2002 344 2080 occasione
358 2003 452 2093 inter
465 1999 666 2102 legendum
688 1997 792 2076 obvii
813 2014 1011 2098 ponantur,
1036 2002 1137 2075 lacile
1164 2025 1231 2102 per
1258 2001 1416 2099 indicem
1445 2001 1569 2106 postea
1585 2005 1628 2086 ,in
1652 2003 1750 2080 ordi·
1784 1977 1795 2022 ⁰

91 2130 182 2182 nem
199 2101 402 2206 redigendi
478 2105 499 2148 ⁴*
525 2098 708 2176 Collesiio
723 2123 815 2174 vero
832 2097 1005 2176 eaforma
1034 2101 1168 2176 institui
1192 2099 1324 2202 potest,
1347 2103 1524 2200 quausus
1554 2101 1605 2180 est
1632 2099 1811 2191 Risi-28

89 2229 193 2284 Ltus
218 2205 365 2280 Fauen
384 2203 541 2278 Soranus
558 2210 592 2272 in
607 2205 694 2272 coen
715 2197 969 2298 Observationum
992 2227 1033 2272 ex
1056 2201 1190 2303 Epistolis
1199 2201 1412 2298 familiaribus
1438 2211 1600 2292 Ciceronis,
1618 2217 1674 2310 qui
1703 2211 1752 2278 Ι]-

87 2312 159 2414 pfiae
175 2311 252 2384 Aen.
269 2313 362 2390 1576.
377 2300 547 2400 editifimu
563 2301 600 2380 dt
615 2301 781 2376 inlibello
795 2303 833 2370 de
847 2303 1032 2395 synonymia
1050 2305 1189 2373 Terentii
1199 2301 1271 2375 ibid.
1279 2309 1368 2374 Anao
1380 2312 1445 2390 156
1446 2333 1473 2378 ε.
1491 2304 1601 2380 edito.
1652 2305 1750 2381 *Fe
1763 2298 1810 2391 29

94 2415 147 2485 cit
164 2429 253 2484 vero
266 2427 369 2490 certo
384 2399 546 2499 consilio,
561 2423 603 2476 ut
620 2425 664 2476 ex
687 2403 911 2502 uno-ponus
933 2399 1090 2497 Aurora,
1113 2399 1233 2476 sedula
1255 2401 1413 2477 leslione
1441 2406 1543 2502 trito,
1565 2431 1676 2508 quam
1703 2429 1750 2482 ex
1794 2402 1804 2470 ’ἰ

93 2509 219 2587 multis
238 2529 375 2586 temere
393 2501 493 2578 lesdis
511 2495 739 2603 excerperet..
769 2525 773 2536 ·
807 2500 865 2572 Sic
888 2503 987 2572 enim
1010 2525 1129 2576 unum
1150 2500 1361 2575 familiarem
1383 2501 1475 2580 effici
1491 2506 1675 2586 Autorem
1695 2509 1750 2606 ju-

94 2609 204 2704 dicat,
233 2621 317 2682 cum
338 2606 460 2700 ceteri,
478 2601 794 2699 quiexomnibus
812 2597 949 2694 aliquid
969 2601 1245 2674 mutuantur&
1264 2601 1483 2702 describunt,
1506 2603 1550 2677 ab
1577 2609 1750 2684 omnibus

94 2708 201 2786 simul
221 2725 394 2799 avocent5
416 2706 523 2779 unius
548 2724 640 2802 vero
662 2699 824 2774 Autoris·
835 2696 997 2772 familiari
1010 2699 1048 2792 dr
1062 2695 1194 2774 assidua
1211 2699 1367 2778 lesiione
1388 2703 1562 2778 emtionis
1587 2707 1754 2807 virtutes,

91 2812 139 2888 ab
157 2809 300 2884 Autore
317 2803 363 2878 dc
376 2800 548 2880 industria
563 2800 767 2895 occultatae,
787 2795 882 2896 saepe
897 2796 1137 2971 deprehendi,
1152 2800 1190 2876 dt
1205 2797 1355 2898 quidem
1371 2799 1603 2904 reliuputat.
1655 2806 1750 2880 Prae·

92 2933 197 2988 terea
211 2903 324 2982 fixam
337 2905 379 2980 ot
395 2904 589 2978 immotam
609 2901 691 2998 quis
710 2898 946 3000 regulamln
971 2899 1058 2999 ebir,
1078 2895 1254 2998 adquam
1280 2902 1319 2974 in
1341 2905 1446 2977 omni
1466 2904 1670 2982 imitatione
1695 2923 1752 2981 rcb

91 3013 116 3090 s
138 3013 229 3090 iciat.
300 3003 404 3080 Idem
421 2999 563 3104 Lipsius
585 3003 624 3076 in
649 3001 746 3097 inflia.
764 2998 880 3102 Epistol.
905 3020 973 3102 cap:
994 3023 1035 3071 ta
1061 2997 1329 3077 observandum
1350 3025 1522 3101 autumat,
1551 3005 1615 3103 qui
1637 3007 1750 3082 Phra·

107 3120 147 3190 'es
171 3103 319 3185 seorim
337 3106 430 3206 poni
450 3104 547 3200 vult,
571 3101 683 3176 Tullii
707 3099 809 3198 solas,
835 3097 949 3174 Plauti
972 3097 1009 3174 dt
1030 3101 1197 3181 Terentii
1211 3100 1311 3186 solas,
1336 3100 1607 3180 Historicorum
1638 3105 1748 3183 solas}

94 3237 183 3289 cum
199 3229 321 3285 tamen
334 3202 408 3307 ipse
423 3204 462 3280 in
477 3200 541 3279 usu
558 3200 607 3277 ad
629 3201 709 3276 laec
734 3223 816 3275 non
830 3197 1003 3298 attendat,
1026 3199 1087 3276 sed
1113 3206 1237 3278 omnia
1259 3201 1410 3276 misceat.
1487 3204 1508 3247 ἥ
1531 3204 1603 3280 Sed
1625 3226 1746 3284 tamen
1759 3215 1810 3292 30

95 3317 137 3392 δι
155 3298 321 3388 incedis
336 3304 518 3407 ponendis
534 3300 706 3380 nonsatis
727 3320 911 3376 accuratus
931 3297 981 3372 est
994 3299 1150 3399 Basilius,
1175 3301 1360 3376 ac-Lexica
1384 3309 1554 3406 excerpta
1576 3306 1746 3384 Phraseo·

92 3411 227 3516 logicis
242 3403 376 3484 miscet.
447 3402 527 3480 Cur
542 3404 641 3480 enim
658 3397 722 3477 sub
747 3401 853 3476 titulo
873 3396 1068 3471 abhorrendi·
1086 3425 1224 3500 ponam
1245 3399 1324 3476 ista:
1349 3399 1561 3478 ebionaei
1581 3417 1746 3481 communi·

98 3517 156 3590 bus
180 3533 279 3614 praec
300 3513 352 3586 tir.
452 3501 533 3581 Grim
549 3501 587 3576 ab
608 3501 810 3676 refractario
829 3505 991 3669 detpejus
1013 3502 1104 3570 valde
1123 3497 1328 3574 dion-eret:
1364 3501 1576 3578 Alhnrebam
1610 3507 1648 3579 ab
1667 3508 1744 3581 urse
1815 3521 1823 3528 '

81 3619 248 3714 ,relinquet
280 3614 321 3679 a?
356 3629 439 3706 quae
463 3601 640 3681 reciiusa
690 3602 813 3678 riualos
837 3605 872 3670 N
906 3627 932 3682 ι’,
957 3599 1119 3699 dissentire,
1142 3597 1354 3677 referentur.
1450 3605 1524 3682 lta:
1548 3607 1745 3680 'lmrcdibile

91 3717 248 3820 gaudium
274 3705 358 3780 nobis
382 3706 537 3804 aspicitur,
553 3727 639 3778 non
662 3701 707 3778 ad
730 3701 876 3779 titulum
902 3697 1068 3798 objiciendi,
1093 3697 1154 3774 sed
1184 3697 1229 3776 ad
1260 3703 1406 3779 titulum
1431 3708 1543 3806 gaudii
1566 3711 1744 3810 pertiner'3
1793 3797 1798 3807 1

95 3813 162 3894 nili
178 3809 278 3888 forte
297 3807 341 3882 ad
357 3809 489 3884 Lexica
510 3825 684 3904 excertpa
709 3800 845 3878 referre
870 3801 973 3875 velis.
1046 3799 1174 3974 Ῥω
1195 3799 1286 3876 illud
1308 3803 1599 3880 Terentianum:
1625 3835 1692 3912 qva
1713 3809 1746 3904 ſs

94 3941 156 3990 non
169 3913 235 4009 tuln
299 3910 475 3991 ouidcmur,
500 3931 549 3978 nte
567 3922 663 4004 atqie
685 3904 795 3976 herum
809 3898 1040 4004 peffuvdebum‚
1085 3900 1134 3974 ub
1154 3901 1261 3978 titulo
1284 3903 1466 4004 Peffietdm
1487 3907 1651 4006 ponitur,
1674 3929 1741 3980 nec

92 4017 253 4118 ponusa
293 4009 438 4084 titulum
472 4007 580 4078 creuit
595 3998 777 4078 refertur?
802 4025 886 4078 nam
900 3999 945 4076 ad
960 4023 1147 4106 magnum,
1169 3999 1273 4100 quod
1304 4002 1406 4078 instat
1428 4005 1642 4103 pericnlum,
1660 4001 1744 4080 vsen·

95 4117 153 4192 sus
168 4109 373 4186 verborum
392 4029 545 4217 respira,
559 4104 623 4200 qui
637 4099 779 4206 semper
798 4101 916 4180 inillis
930 4104 1111 4222 excerptis
1128 4100 1368 4176 attendendus
1382 4101 1449 4176 est:
1476 4105 1531 4180 vis
1551 4106 1651 4178 enim
1665 4107 1740 4179 len-

97 4215 236 4309 tentiat,
252 4205 372 4283 nonfi
403 4206 560 4280 nilrcatio
586 4201 701 4300 verbi,
732 4205 917 4299 disseritur.
990 4203 1011 4250 *
1043 4203 1200 4286 srrrvs
1226 4201 1266 4273 in
1291 4201 1533 4272 meduanae
1557 4202 1602 4272 ad
1622 4207 1738 4276 Eecer-
1751 4201 1795 4276 3¹

93 4313 229 4419 pendam
243 4335 274 4380 n.
293 4323 338 4388 rr.
414 4330 459 4377 ar.
529 4301 784 4376 Schdnslederi
797 4300 1041 4400 Apparatum,
1054 4292 1228 4374 Comenii
1242 4299 1742 4418 LexiconLatino-Lannum,

97 4437 157 4491 aut
173 4403 324 4487 Calvisii
335 4401 561 4480 Thestorem
575 4423 647 4500 pro
668 4397 760 4474 duee
778 4397 928 4496 assumit,
950 4398 1051 4494 cujus
1073 4395 1234 4500 vestigiis
1254 4391 1410 4471 insistere
1430 4397 1533 4495 jubet
1557 4422 1652 4496 eum,
1676 4425 1741 4498 qut
1825 4415 1843 4440 “·

99 4508 251 4593 Phrases
268 4506 435 4609 colliget:
460 4522 541 4582 tum
559 4521 605 4578 ne
620 4497 723 4579 labor
738 4499 778 4574 in
800 4494 1014 4672 coll‘gendis
1028 4495 1083 4596 iis,
1106 4519 1190 4593 quae
1208 4496 1266 4572 alii
1288 4515 1474 4595 notarunt,
1493 4497 1667 4573 inutditer
1686 4503 1739 4576 in-

143 4613 296 4690 Tomus
312 4605 339 4682 l.
916 4621 936 4674 c
961 4622 1009 4673 cc
1564 4593 1743 4697 sumatut3
